1716 2729
180 54 230 95 16
761 52 800 92 T
799 59 990 93 ractatus
1396 52 1573 107 [Gumz

174 169 383 223 aliquam,
407 182 484 209 seu
526 167 855 208 inclinationem
898 169 941 208 in
989 168 1271 216 contrarium,
1292 181 1442 209 secum
1472 182 1575 209 con-

169 237 371 291 junctam
393 236 554 277 habet:
579 235 787 288 exempla
808 236 897 276 duo
919 249 957 276 n.
979 246 1049 287 47.
1072 236 1234 276 tradita
1256 241 1370 276 sunt.

235 314 303 356 52.
338 305 422 345 Est
441 307 489 355 4⁰
499 305 736 357 perfectum
778 303 846 343 vel
890 303 1189 356 2‘712pe75fcctum.
1275 304 1361 344 His
1394 305 1576 345 vocibus

176 373 268 414 TT.
293 372 382 413 fere
403 386 558 413 omnes
581 373 623 411 in
646 371 719 411 Tr.
742 372 797 411 de
830 372 1026 412 Peccatis
1063 377 1256 419 utuntur,
1278 371 1574 413 voluntarium

163 441 402 494 perfectum
421 445 697 480 recensentes
715 439 828 478 inter
851 453 908 479 ea·
924 453 1037 491 quae
1059 440 1114 479 ad
1139 439 1324 479 mortale
1342 447 1573 492 peccatum

175 510 476 563 requiruntur:
511 507 697 548 maximi
732 507 865 560 igitur
906 507 1089 547 interest
1122 508 1362 547 earundem
1398 521 1575 549 sensum

174 578 244 619 hic
266 577 397 631 plane
419 576 643 624 exhibere,
668 575 800 627 idque
822 589 875 615 eo
898 575 1038 628 magis
1061 576 1180 628 quod
1200 589 1287 615 non
1305 576 1466 616 desunt
1482 577 1574 616 TT.

175 647 249 700 qui
272 660 399 687 voces
422 645 599 686 easdem
623 644 665 683 in
689 643 783 683 aliis
806 643 1089 683 Tractatibus
1111 642 1197 683 alio
1219 657 1350 684 sensu
1367 644 1576 685 adhibere

176 715 363 756 soleant.

236 793 299 835 53.
333 782 520 835 Triplex
563 781 695 834 igitur
736 779 806 820 hic
847 779 1188 832 distinguendus
1230 779 1322 820 TT.
1366 779 1575 834 loquendi

176 851 344 891 modus.
406 850 590 889 Primus
630 853 697 888 est
734 861 885 887 eorum
923 847 1082 900 quibus
1115 847 1224 888 haec
1257 848 1415 888 divisio
1456 849 1574 889 idem

174 924 304 959 sonat
346 932 395 958 ac
436 918 593 957 divisio
633 916 867 956 voluntarii
908 914 1034 955 libem·
1071 920 1116 955 et
1156 915 1384 955 necessarii
1421 929 1464 957 n.
1509 926 1574 968 50.

174 987 347 1028 tradita.
443 987 512 1026 Ita
563 982 863 1037 Vasquesius‚1
899 982 1090 1036 Sporer‚2
1113 990 1210 1024 etc.
1293 984 1374 1024 Cui
1425 990 1574 1025 tamen

174 1068 334 1094 vocum
396 1053 688 1106 acceptationi
749 1052 793 1092 id
850 1052 1005 1092 merito
1062 1053 1226 1105 opponi
1289 1052 1401 1093 solet
1457 1053 1576 1105 quod

176 1129 349 1163 tantum
416 1122 541 1162 abest
609 1127 657 1161 ut
719 1120 1004 1161 necessarium
1059 1120 1354 1160 voluntarium
1415 1121 1577 1161 debeat

177 1191 326 1244 aliquo
350 1191 483 1230 modo
517 1189 807 1242 z'mpezfcctum
839 1189 1017 1237 censeri,
1039 1195 1087 1229 ut
1118 1195 1270 1228 contra
1302 1188 1408 1228 nihil
1430 1189 1577 1229 obstet

175 1259 411 1312 quominus
434 1257 754 1311 perfectissima
776 1257 888 1296 ratio
910 1256 1143 1296 voluntarii
1166 1256 1210 1295 in
1233 1270 1284 1295 eo
1302 1256 1574 1297 inveniatur:

176 1327 236 1366 sic
257 1340 339 1378 v.g.
363 1339 499 1378 quum
524 1325 650 1365 Beati
682 1325 725 1364 in
758 1324 891 1364 coelis
925 1324 1172 1364 necessario
1206 1324 1352 1364 Deum
1376 1323 1578 1377 diligunt,

175 1394 494 1447 perfectissima
511 1393 561 1432 iis
580 1393 693 1432 inest
716 1392 878 1444 objecti
901 1392 1110 1445 cognitio,
1126 1398 1262 1444 atque
1279 1392 1577 1433 intensissima

176 1463 412 1516 propensio
434 1461 677 1502 voluntatis
703 1461 946 1501 secundum
975 1466 1119 1500 totum
1150 1473 1278 1499 suum
1301 1466 1509 1500 conatum
1532 1462 1576 1501 in

180 1529 407 1582 objectum
440 1530 693 1578 tendentis;
737 1542 868 1582 porro
900 1528 968 1568 his
1001 1528 1176 1568 duobus
1209 1529 1266 1580 (n.
1302 1527 1391 1580 35.)
1424 1528 1575 1570 volun-

177 1598 335 1637 tarium
361 1597 657 1636 constituitur.

238 1674 301 1715 54.
340 1664 532 1705 Secundo
573 1665 763 1704 sumitur
804 1664 912 1703 haec
954 1663 1112 1703 divisio
1155 1664 1312 1703 eodem
1354 1677 1484 1704 sensu
1525 1678 1576 1704 ac

176 1734 346 1782 divisio,
383 1748 421 1772 n.
467 1742 529 1784 51.
565 1733 739 1782 tradita,
772 1732 1006 1772 voluntarii
1038 1731 1151 1784 puri
1183 1737 1227 1771 et
1263 1727 1420 1771 mixti?
1481 1732 1577 1772 Nec

177 1800 421 1853 quidquam
443 1802 591 1841 obstat
614 1801 850 1853 quominus
882 1799 1179 1840 voluntarium
1214 1813 1372 1852 purum
1405 1800 1577 1841 dicatur

164 1869 416 1920 persectmn,
466 1876 599 1922 atque
654 1869 844 1909 mixtum
887 1867 1188 1920 z'mpmffcctztm,
1233 1868 1477 1908 dummodo
1533 1869 1573 1907 in

178 1938 391 1978 memoria
409 1938 624 1978 habeatur
639 1938 754 1977 hunc
770 1951 945 1977 sensum
961 1937 1193 1976 verborum
1209 1937 1390 1976 omnino
1404 1936 1576 1976 differre

175 2006 232 2045 ab
269 2020 320 2045 co
352 2019 482 2058 quem
536 2005 788 2058 intelligunt
853 2004 948 2044 TT.
990 2004 1227 2056 perfectum
1278 2003 1574 2044 voluntarium

175 2075 407 2126 exigentes
440 2075 494 2114 ad
528 2079 759 2126 peccatum
799 2072 982 2113 mortale
1014 2071 1402 2112 constituendum:
1433 2085 1576 2125 neque

176 2144 293 2182 enim
327 2144 562 2195 quisquam
596 2149 729 2195 negat
766 2141 952 2182 mortale
988 2146 1218 2194 peccatum
1253 2141 1415 2192 patrari
1447 2155 1577 2193 posse

177 2224 315 2263 quum
352 2211 468 2250 adsit
501 2210 802 2250 voluntarium
839 2215 1015 2249 tantum
1058 2207 1253 2255 mixtum,
1277 2214 1321 2247 et
1358 2208 1457 2248 ideo
1492 2208 1576 2249 hoc

217 2420 224 2433 ¹
244 2419 288 2448 ln
309 2426 335 2448 ·.·'.
350 2426 382 2448 2.
400 2419 435 2449 S.
462 2419 611 2457 leomae,
634 2420 730 2460 Disp.
750 2419 839 2449 xxiii.
858 2429 933 2459 cap.
951 2429 981 2457 4.

214 2460 228 2479 ²
244 2461 357 2492 Tract.
380 2469 408 2492 1.
427 2462 548 2502 capii.
567 2472 628 2491 nn.
652 2462 700 2500 16,
724 2469 771 2501 17.

171 2503 402 2586 Jzirgmvb'lg'ii
424 2505 555 2578 ΙῗλειίΙῙΙζ,Ο
569 2506 625 2536 Τν.
642 2505 679 2536 de
695 2507 766 2536 Act.
795 2505 917 2542 Hum.,
938 2513 1011 2544 cap.
1038 2510 1084 2538 2-‚
1108 2506 1141 2533 et
1171 2503 1297 2543 CreHy,
1316 2503 1369 2534 De
1381 2502 1523 2543 Justitia
1545 2511 1574 2532 ec

259 2568 268 2585 ‚
358 2571 364 2576 .
412 2572 417 2577 .
465 2572 472 2578 .
514 2570 531 2578 ..
561 2572 566 2577 .
