1716 2729
125 111 166 137 n.
198 94 279 152 14]
558 95 610 135 de
627 92 810 134 Actibus
829 92 1070 133 Humanis.
1457 100 1538 141 107

127 212 389 254 Statuentes
410 211 529 252 enim
542 209 840 264 ignorantiam
857 207 1156 248 invincibilem
1178 208 1362 247 omnino
1383 207 1540 248 tollere

127 281 436 329 voluntarium,
477 279 522 319 id
563 278 756 332 probant
789 277 962 317 ratione
995 290 1035 316 n.
1077 276 1174 317 268.
1210 277 1384 324 tradita,
1422 289 1537 330 quae

124 350 259 402 plane
290 348 470 402 respicit
490 353 669 388 tantum
705 344 1007 386 invincibilem
1045 344 1343 396 ignorantiam
1366 345 1538 397 generis

128 418 293 471 prioris.

186 496 282 538 275.
314 484 442 538 Quae
463 483 658 537 quidem,
677 484 713 523 si
727 483 772 522 in
793 496 841 523 se
857 482 1160 534 inspiciantur,
1174 480 1538 528 animadvertere,

126 554 250 608 parvi
271 553 458 594 fortasse
494 553 692 592 interest.
752 550 820 591 At
840 564 945 590 vero
967 549 1069 590 ideo
1105 549 1258 602 magni
1280 548 1413 588 refert
1434 549 1539 601 quia

127 622 230 663 AA.
263 621 353 662 fere
384 635 552 669 omnes
585 619 897 660 Probabilismi
932 626 1130 672 systema
1161 619 1205 658 in
1238 617 1452 658 Tractatu
1489 616 1541 656 de

129 691 397 733 Conscientia
432 696 725 743 exponentes,
758 689 815 728 ad
849 689 1038 729 alterum
1080 687 1358 741 ignorantiae
1399 699 1540 739 genus

127 761 398 801 transferunt
420 772 472 799 ea
493 772 609 811 quae
630 757 701 798 hic
724 758 780 798 de
811 757 956 810 priore
992 763 1171 796 tantum
1193 755 1392 795 stabilita
1422 761 1539 794 sunt.

128 829 201 878 Et,
233 829 355 882 quod
389 828 639 868 maximum
681 833 761 875 est,
802 825 899 868 TT.
944 826 1063 865 haud
1106 825 1235 878 pauci
1273 825 1537 877 principium

126 896 460 937 fundamentale
481 896 618 936 totius
653 895 785 947 hujus
822 894 1081 946 systematis
1113 899 1334 946 reponunt
1355 893 1398 932 in
1435 893 1539 932 doc-

125 965 243 1006 trina
273 966 337 1006 sic
371 966 509 1019 gratis
547 963 736 1018 prolata.
799 963 875 1005 Sic
910 977 989 1015 vg.
1014 964 1071 1003 ad
1104 963 1385 1016 probandum
1409 962 1540 1002 licere

125 1035 337 1074 adversus
358 1034 503 1087 legem
541 1045 684 1086 agere,
708 1033 890 1085 quando
911 1033 1028 1072 duae
1059 1032 1147 1072 sint
1169 1031 1418 1071 sententiae
1439 1044 1538 1082 pro·

127 1102 311 1152 habiles,
335 1115 525 1156 quarum
562 1115 651 1142 una
683 1101 1006 1154 obligationem
1038 1100 1148 1154 legis
1179 1100 1380 1148 affirmet,
1402 1099 1541 1139 altera

125 1177 271 1223 neget,
304 1184 448 1223 neque
481 1170 681 1218 dubium,
713 1169 915 1210 adhibita
952 1169 1074 1210 omni
1107 1168 1339 1221 diligentia
1370 1169 1545 1217 morali,

126 1239 286 1279 resolvi
315 1239 467 1292 possit,
490 1245 861 1291 argumentantur
889 1238 1149 1292 praesertim
1182 1252 1241 1278 ex
1263 1251 1318 1278 eo
1350 1238 1472 1290 quod
1494 1238 1538 1276 in

127 1308 196 1347 his
238 1321 383 1348 rerum
426 1306 650 1359 adjunctis
692 1307 908 1360 obligatio
945 1306 1262 1346 invincibiliter
1299 1306 1542 1359 ignoratur.

129 1380 204 1422 Sic
225 1394 304 1434 vg.
323 1381 386 1421 ait
408 1378 560 1432 Gury,1
581 1383 603 1399 “
620 1379 694 1420 ille
708 1393 796 1420 non
812 1386 880 1420 est
894 1378 1117 1429 obligatus
1133 1378 1208 1431 qui
1231 1376 1544 1418 invincibiliter

126 1451 304 1503 ignorat
322 1463 369 1488 se
402 1462 498 1489 esse
531 1448 807 1501 obligatum:
844 1448 981 1500 atqui,
1002 1448 1047 1487 in
1084 1446 1337 1500 hypothesi,
1359 1446 1541 1486 invinci-

127 1518 276 1558 biliter
298 1517 449 1570 {gnoro
470 1530 542 1556 me
565 1531 661 1557 esse
685 1516 934 1569 obligatum
955 1531 964 1555 :
988 1529 1106 1568 ergO,
1124 1523 1221 1564 etc„
1235 1513 1340 1556 etc.''
1385 1513 1542 1567 Atque

127 1586 172 1628 S.
205 1584 486 1639 Alphonsus²
506 1586 617 1626 haec
653 1585 819 1626 habet:
842 1584 1126 1639 “Quomodo
1159 1585 1247 1625 dici
1278 1591 1429 1636 potest
1462 1582 1540 1622 ali-

125 1669 259 1709 quem
296 1655 406 1695 scire
436 1661 738 1709 praeceptum,
773 1655 809 1694 si
843 1654 938 1708 ipse
974 1655 1085 1694 sciat
1120 1659 1407 1706 praeceptum
1445 1665 1542 1692 esse

127 1725 313 1765 dubium
330 1725 345 1765 ?
405 1723 534 1764 Tunc
556 1723 742 1764 omnino
763 1723 1001 1764 dicendum
1017 1722 1137 1775 quod
1159 1721 1232 1761 ille
1253 1726 1541 1774 praeceptum

128 1792 312 1846 ignorat,
333 1807 471 1846 quum
493 1792 671 1833 dubitat
693 1806 750 1832 an
772 1798 1060 1845 praeceptum
1083 1791 1201 1831 adsit
1221 1790 1291 1830 vel
1322 1786 1453 1829 non.'’

188 1861 284 1911 276.
317 1861 479 1915 Neque
511 1868 664 1901 tamen
701 1861 786 1901 sibi
823 1868 1027 1901 constare
1061 1860 1271 1900 videntur
1305 1858 1423 1907 AA.,
1455 1860 1543 1912 qui,

129 1929 240 1970 haec
260 1930 487 1979 docentes,
508 1930 735 1970 declinant
757 1929 1002 1970 sententias
1024 1929 1218 1969 laxiores
1240 1942 1351 1981 quas
1382 1929 1544 1968 docere

127 1997 333 2039 solebant
395 1997 517 2039 haud
583 1998 713 2051 pauci
768 2012 792 2038 e
851 1997 1155 2051 probabilistis
1205 1996 1547 2050 antiquioribus,

132 2065 407 2118 Hujusmodi
440 2080 522 2120 v.g.
544 2073 612 2106 est
648 2067 871 2107 sententia
907 2067 1134 2106 affirmans
1164 2078 1341 2118 semper
1370 2064 1540 2104 licitum

130 2147 227 2174 esse
247 2148 378 2188 agere
408 2136 619 2176 adversus
651 2135 796 2189 legem
818 2148 955 2188 quam
987 2149 1076 2175 non
1098 2135 1281 2175 omnino
1316 2133 1543 2173 evidenter

129 2208 288 2243 constet
305 2202 504 2256 obligare
522 2201 548 2244 :³
568 2211 704 2257 atque
725 2204 867 2244 altera
887 2204 985 2252 ista,
1007 2204 1067 2245 ob
1087 2204 1273 2243 nimiam
1304 2201 1543 2242 laxitatem

129 2285 156 2311 a
178 2272 222 2313 S.
238 2271 356 2313 Sede
372 2273 531 2313 merito
548 2274 784 2314 damnata:
801 2276 824 2291 “
839 2273 1087 2326 generatim
1100 2273 1208 2313 dum
1226 2269 1541 2325 probabilitate

175 2415 188 2436 1
204 2415 298 2456 Gury
318 2414 396 2455 (Ed.
417 2415 546 2455 Rom.)‚
565 2416 656 2447 Part.
673 2417 696 2447 i.
715 2427 750 2447 n.
767 2417 823 2447 60.

172 2459 186 2479 2
216 2459 294 2490 Lib.
313 2467 343 2489 1.
360 2465 458 2490 tract.
478 2466 506 2491 1.
525 2459 580 2489 De
596 2460 811 2497 Conscientia,
833 2459 978 2500 (Mox-ale
996 2457 1161 2500 Systema)
1179 2468 1212 2488 n.
1233 2457 1287 2496 76.

202 2503 257 2534 Ita
285 2513 356 2544 mg.
384 2502 576 2540 caramuel,
610 2503 777 2545 Theologtiz
807 2503 1087 2535 Fumiamentahk
1119 2501 1221 2543 (apud
1252 2499 1429 2537 Gonmlea
1457 2500 1542 2531 infra

130 2547 254 2578 citand.
271 2546 368 2579 Diss.
381 2546 429 2578 iii.
451 2545 464 2586 ξ
485 2545 550 2584 10).
