1716 2729
121 123 144 153 2
153 122 174 163 3
184 123 213 163 4
721 110 753 151 J
759 117 952 152 metatus
1363 109 1546 164 [GURY5

126 240 224 268 esse
264 225 487 275 viantem,
534 224 867 279 Eutrapelz'am,²
909 227 966 268 dc
1017 240 1106 280 qua
1150 225 1446 279 Philosophus
1498 227 1542 266 in

128 308 169 348 4,
202 294 346 336 Ethic.
383 296 492 348 (cap.
518 294 605 348 86.)
627 293 933 337 determinat.”

187 366 284 418 679.
318 367 388 406 De
429 366 575 407 verbis
617 367 686 408 vel
727 368 854 409 factis
897 368 1077 409 ludicris
1120 374 1164 409 et
1211 367 1388 421 jocosis.
1451 372 1471 388 “
1490 369 1542 409 In

130 435 444 477 collationibus
468 435 649 476 Patrum
682 435 843 489 legitur
874 437 994 490 quod
1029 437 1076 477 Β.
1101 437 1298 490 Joannes
1337 437 1543 490 Evange-

131 505 245 553 lista,
283 516 420 556 quum
464 504 646 556 quidam
688 504 1097 545 scandalizarentur
1138 506 1258 557 quod
1301 518 1402 545 eum
1446 519 1546 545 cum

131 572 360 627 discipulis
394 572 484 612 suis
527 572 758 613 ludentem
802 573 1065 623 invenirent,
1107 574 1268 614 dicitur
1309 573 1548 614 mandasse

132 642 207 682 uni
251 655 414 690 eorum,
456 641 531 693 qui
573 655 723 682 arcum
766 641 963 694 gerebat,
1004 647 1053 682 ut
1090 642 1301 695 sagittam
1339 642 1548 683 traheret.

134 709 269 764 Quod
322 723 459 762 quum
521 708 685 762 pluries
735 709 925 760 fecisset,
979 711 1210 763 quaesivit,
1263 716 1412 751 utrum
1464 710 1549 751 hoc

135 779 344 820 continue
387 777 530 817 facere
571 783 753 831 posset:
807 779 882 832 qui
936 779 1179 833 respondit,
1231 779 1352 832 quod
1388 779 1425 820 si
1466 779 1550 820 hoc

134 847 343 889 continue
408 846 584 895 faceret,
638 861 764 888 arcus
816 847 1103 900 frangeretur.
1185 848 1320 889 Unde
1384 847 1551 889 Beatus

134 918 331 970 Joannes
353 915 600 966 subintulit,
625 917 746 969 quod
770 917 973 957 similiter
1004 917 1179 958 animus
1211 916 1406 958 hominis
1438 917 1553 958 fran-

135 991 322 1039 geretur,
346 985 380 1024 si
405 998 634 1038 nunquam
657 999 737 1025 sua
760 986 1010 1026 intensione
1034 985 1319 1026 relaxaretur.
1384 985 1553 1038 Hujus-

136 1053 257 1094 modi
295 1058 445 1093 autem
484 1053 605 1093 dicta
641 1053 709 1094 vel
753 1054 870 1095 facta
907 1053 971 1110 [in
1010 1054 1170 1107 quibus
1206 1068 1294 1094 non
1328 1055 1554 1107 quaeritur

135 1122 218 1162 nisi
250 1121 490 1161 delectatio
514 1120 708 1177 animae]
734 1129 949 1163 vocantur
981 1123 1163 1176 ludicra,
1195 1123 1265 1163 vel
1293 1123 1477 1175 jocosa;
1510 1130 1554 1163 et

137 1191 239 1231 ideo
262 1203 442 1231 necesse
464 1195 531 1230 est
552 1190 717 1232 talibus
745 1192 966 1232 interdum
991 1192 1055 1232 uti
1087 1193 1212 1245 quasi
1236 1193 1290 1232 ad
1325 1193 1551 1245 quandam

142 1260 319 1300 animae
340 1256 595 1312 quietem.’'2

203 1329 300 1369 680.
333 1328 509 1368 Deinde
541 1329 730 1382 exponit
755 1330 798 1371 S.
824 1331 997 1371 Doctor
1028 1330 1072 1370 in
1096 1330 1164 1371 his
1194 1345 1288 1371 essc
1310 1331 1401 1371 tria
1432 1344 1556 1384 prae-

144 1397 274 1450 cipue
306 1396 516 1445 cavenda,
539 1396 581 1436 in
621 1397 781 1449 quibus
823 1404 974 1439 tamen
1012 1399 1305 1448 recensendis,
1344 1399 1557 1452 quoniam

146 1466 217 1505 hic
245 1465 432 1518 exponit
465 1470 641 1505 tantum
665 1480 717 1506 ea
739 1480 765 1506 a
796 1468 958 1520 quibus
993 1468 1239 1508 cavendum
1264 1473 1330 1508 est
1368 1473 1417 1507 ut
1446 1480 1558 1520 opus

148 1545 236 1571 non
261 1533 316 1572 sit
353 1539 601 1585 peccatum,
625 1547 679 1573 ne
716 1548 853 1574 unum
892 1536 1074 1588 quidem
1096 1536 1281 1576 verbum
1317 1535 1559 1588 interponit

149 1601 204 1640 dc
255 1600 469 1641 relatione
520 1601 594 1642 illa
637 1602 844 1643 ulteriore
876 1617 1010 1656 quam
1064 1604 1252 1656 exigunt
1286 1603 1559 1651 Thomistae,

149 1668 434 1719 “Pm'mmnf'
485 1671 558 1720 ait,
611 1674 691 1711 “et
744 1672 989 1725 principale
1041 1678 1108 1712 est
1158 1672 1278 1724 quod
1331 1671 1559 1724 praedicta

151 1737 388 1778 delectatio
431 1753 519 1779 non
564 1747 802 1792 quaeratur
844 1741 886 1780 in
930 1741 1262 1795 operationibus
1305 1739 1375 1780 vel
1414 1740 1584 1780 verbis-

151 1807 346 1860 tm‘pz‘bns
366 1808 436 1847 vel
459 1808 621 1848 nocivis
654 1838 662 1846 .
694 1840 704 1848 .
739 1837 751 1850 Α.
783 1809 932 1849 Aliud
947 1815 1097 1849 autem
1131 1809 1455 1850 attendendum
1479 1814 1558 1855 est,

151 1889 206 1916 ne
247 1875 439 1916 totaliter
470 1877 665 1928 gravitas
708 1878 884 1917 animae
927 1877 1175 1918 resolvatur
1227 1907 1235 1916 .
1290 1907 1298 1916 .
1351 1909 1358 1917 .
1420 1876 1562 1916 Tertio

152 1951 302 1987 autem
325 1947 649 1986 attendendum
683 1953 761 1995 est,
784 1947 897 1987 sicut
920 1947 962 1986 in
986 1947 1192 1987 omnibus
1225 1946 1321 1986 aliis
1354 1946 1562 1986 humanis

152 2014 411 2063 actionibus,
454 2021 502 2054 ut
542 2021 752 2068 congruat
781 2029 1010 2069 personae,
1052 2016 1255 2069 tempori,
1293 2021 1336 2055 et
1377 2014 1487 2063 loco,
1519 2020 1563 2055 et

152 2083 396 2124 secundum
419 2082 527 2123 alias
560 2084 915 2124 circumstantias
939 2085 1090 2124 debite
1113 2085 1343 2125 ordinetur
1374 2113 1384 2122 .
1419 2116 1427 2124 .
1461 2113 1470 2123 .

197 2243 206 2259 ¹
235 2244 258 2260 “
272 2243 339 2273 Eos
356 2242 413 2282 qui
430 2242 697 2273 mediocritatem
716 2253 774 2274 seu
791 2243 1059 2274 moderationem
1076 2243 1108 2274 in
1128 2243 1208 2274 ludo
1226 2247 1257 2273 et
1282 2242 1360 2283 joco
1376 2246 1509 2272 servant
1554 2263 1562 2272 .

260 2312 267 2319 .
315 2286 544 2329 εὐτραπέλους
561 2288 712 2318 nominat
731 2287 978 2329 [Aristoteles]‚
995 2288 1029 2318 id
1044 2295 1090 2319 est
1105 2288 1179 2318 bene
1179 2288 1343 2328 facileque
1354 2286 1508 2324 flexibiles
1555 2310 1563 2316 .

259 2355 267 2362 .
316 2333 482 2364 Vocabuli
510 2338 644 2372 etymon
669 2332 759 2363 ducit
788 2343 806 2362 a
833 2332 924 2362 facili
948 2337 1052 2369 motu,
1079 2342 1134 2363 seu
1159 2331 1342 2367 docilitate,
1370 2340 1485 2362 eorum
1509 2329 1567 2370 qui

155 2375 276 2406 festivo
292 2376 406 2407 animo
436 2381 513 2407 sunt
539 2377 574 2406 in
599 2375 714 2406 debita
741 2385 895 2406 mensura
944 2398 951 2404 .
999 2399 1008 2406 .
1060 2375 1087 2405 Ii
1105 2375 1194 2405 enim
1217 2375 1314 2406 facile
1332 2374 1506 2405 flectuntur
1523 2373 1566 2404 ad

155 2419 240 2450 sales
265 2424 298 2450 et
325 2420 426 2458 dicta,
457 2419 593 2461 quando
618 2424 651 2449 et
681 2419 852 2459 quomodo
868 2419 965 2449 decet
1010 2441 1019 2450 .
1072 2442 1078 2448 .
1128 2419 1254 2450 Contra
1270 2428 1347 2449 vero
1371 2422 1517 2458 agrestes
1534 2422 1567 2447 et

154 2462 228 2493 duri
255 2472 285 2493 ¹.
336 2487 343 2493 .
391 2463 589 2494 inflexibiles
620 2462 777 2498 existunt,
804 2462 908 2492 instar
934 2472 1109 2502 corporum
1136 2472 1309 2501 aegrorum
1334 2466 1365 2492 et
1391 2460 1479 2491 male
1508 2460 1565 2490 ha-

156 2505 316 2544 bentium,
345 2517 430 2548 quae
455 2507 508 2537 vix
533 2511 588 2537 aut
611 2515 651 2536 ne
675 2505 729 2536 vix
753 2505 888 2545 quidem
913 2503 1124 2536 flectuntur.'’
1174 2506 1227 2536 De
1251 2505 1404 2545 Aguirre,
1427 2503 1568 2535 Moralz's

160 2549 382 2590 Philosophia.
409 2550 483 2581 Lib.
504 2558 537 2589 4.
556 2559 630 2589 cap.
648 2547 678 2579 8.

199 2592 212 2612 2
235 2593 387 2631 Summa,
407 2601 439 2624 2.
458 2601 489 2624 2.
508 2597 637 2634 quaest.
658 2590 729 2623 168.
742 2595 810 2623 cart.
829 2599 861 2622 2.
880 2591 912 2621 in
930 2602 1021 2632 corp.
