1716 2729
139 78 178 104 n.
199 64 255 118 7.]
546 67 597 107 de
614 67 794 108 Actibus
817 68 1053 109 Humanis.
1477 85 1529 123 41

138 180 253 220 istud
276 183 457 234 “potest
479 195 529 222 ac
552 181 683 222 debet
704 181 959 222 adverlere'’
984 185 1224 235 praedicari
1248 200 1376 237 posse
1401 188 1456 227 de
1479 201 1532 228 eo

137 250 211 300 qui
246 262 334 288 non
372 250 512 302 reipsa
545 249 756 299 advertat,
778 257 928 291 tamen
963 253 1207 292 cavendum
1248 261 1312 293 est
1343 268 1397 295 ne
1429 269 1527 296 cen-

136 323 282 357 seatur
304 317 396 356 TT.
427 316 544 357 haud
569 324 683 358 recte
716 318 834 371 loqui
858 320 912 359 de
934 333 986 359 eo
1009 320 1082 372 qui
1117 324 1136 340 “
1155 327 1302 371 potest
1323 336 1373 362 ac
1396 324 1528 364 debet

125 384 378 435 praevidere
395 381 416 399 '’
439 383 605 437 aliquid
630 386 748 438 quod
774 400 859 426 non
884 387 1026 439 reipsa
1040 388 1296 439 praevideat
1311 405 1329 437 ,·
1363 392 1526 431 etenim

134 464 212 502 per
232 464 383 491 vocem
401 452 718 503 “praevidere”
736 453 984 506 significant
1007 468 1096 494 rem
1129 455 1327 496 dz'stz'ncte
1356 457 1410 509 (n.
1437 466 1526 510 34.)

134 519 473 571 apprehendere,
511 533 586 560 seu
621 520 717 560 aliis
750 522 905 570 verbis,
943 536 1034 563 rem
1068 524 1185 573 scire,
1219 527 1332 566 adeo
1364 533 1411 566 ut
1443 527 1526 567 hoc

135 587 267 626 modo
303 586 514 638 loquendi
548 594 722 628 tantum
755 589 1003 641 significent
1036 605 1164 643 posse
1197 593 1448 634 vincibilem
1480 602 1523 635 et

131 652 395 705 culpabilem
419 668 513 694 esse
544 655 727 708 alicujus
750 658 810 696 rei
845 658 1152 710 tgnorantz'am,
1175 674 1251 701 seu
1285 663 1524 703 carentiam

131 721 225 774 ejus
245 721 455 762 scientiae.
519 724 570 762 Id
591 738 695 765 vero
717 725 943 767 doctrinae
960 727 1172 768 hactenus
1195 731 1383 770 traditae
1406 731 1528 771 nullo

132 790 265 830 modo
286 790 503 830 adversari
536 791 706 844 patebit
728 806 785 833 ex
817 795 867 834 iis
890 809 1002 847 quae
1035 796 1158 846 infra,
1180 797 1234 837 cle
1270 798 1525 850 Ignorantia

130 856 338 910 agentes‚¹
374 858 727 911 explicabimus3
773 875 916 915 neque
953 864 1083 914 enim,
1114 871 1163 905 ut
1194 865 1252 905 ibi
1289 867 1522 915 videbitur,

129 926 377 978 ignorantia
415 932 561 978 potest
592 941 787 981 unquam
820 933 984 972 censeri
1017 933 1233 973 vincibilis
1266 948 1344 974 nec
1376 936 1526 988 culpa-

129 995 226 1035 bilis
260 995 341 1034 nisi
383 996 426 1035 in
468 1009 521 1035 eo
561 996 636 1048 qui
670 996 818 1049 aliquo
860 1001 1006 1049 modo,
1055 1001 1212 1042 saltem
1256 1002 1301 1042 in
1341 1004 1524 1054 confuso,

129 1062 328 1103 advertat
350 1077 396 1103 se
418 1062 648 1116 ignorare.2

191 1143 278 1183 109.
312 1132 470 1184 Neque
491 1146 548 1172 ex
571 1133 699 1173 dictis
722 1134 999 1176 inferendum
1020 1143 1086 1177 est
1117 1138 1259 1191 ipsam
1282 1141 1521 1180 carentiam

126 1200 438 1249 advertendae,
460 1213 549 1247 seu,
580 1201 698 1253 quod
729 1202 887 1243 eodem
926 1204 1092 1254 recidit,
1130 1206 1376 1246 naturalem
1413 1208 1522 1248 obli-

126 1267 312 1316 vionem,
354 1281 450 1306 6556
492 1281 666 1320 semper
706 1283 732 1308 a
774 1271 905 1324 culpa
946 1273 1199 1314 immunem.
1278 1274 1351 1314 Ex
1393 1276 1522 1317 dictis

124 1336 303 1387 quidem
326 1341 499 1375 constat
521 1349 619 1375 earn
642 1350 868 1390 nunquam
893 1354 1023 1392 posse
1044 1341 1339 1383 voluntariam
1357 1357 1451 1383 esse
1474 1346 1520 1385 2'72

118 1416 161 1442 se
177 1417 192 1441 .·
225 1408 270 1442 at
292 1402 399 1441 nihil
421 1403 571 1443 obstat
593 1406 830 1457 quominus
848 1408 1094 1448 voluntaria
1117 1410 1173 1449 sit
1195 1410 1240 1450 in
1263 1425 1400 1451 causa.
1451 1412 1520 1453 Sit

122 1470 379 1523 exemplum
402 1470 586 1523 alicujus
609 1473 694 1524 qui,
719 1488 855 1526 quum
880 1482 1091 1528 expertus
1115 1484 1180 1517 est
1212 1493 1258 1518 56
1288 1479 1450 1533 pluries
1474 1482 1517 1522 in

121 1539 296 1591 agendo
318 1537 553 1591 deliquisse
575 1554 632 1580 ex
655 1554 708 1580 eo
724 1543 844 1594 quod
862 1543 1002 1583 soleat
1020 1546 1360 1598 praecipitanter
1375 1562 1517 1607 agere,

120 1606 176 1645 de
212 1605 478 1658 quibusdam
517 1608 684 1661 cogitat
721 1611 1001 1651 cautionibus
1043 1612 1319 1664 adhibendis,
1356 1616 1516 1668 quibus

120 1674 344 1723 memoria,
381 1681 583 1728 tempore
624 1677 789 1728 debito,
824 1679 1054 1730 excitetur,
1097 1688 1230 1734 atque
1271 1684 1331 1724 sic
1373 1687 1515 1738 magis

118 1743 435 1794 circumspecte
476 1744 532 1783 sit
574 1751 776 1796 acturus;
806 1746 886 1786 has
927 1748 1105 1800 quidem
1149 1750 1183 1789 si
1231 1751 1514 1794 nihilominus

115 1810 324 1851 adhibere
364 1813 688 1863 praetermittit,
729 1814 976 1856 voluntarie
1008 1831 1054 1858 se
1092 1820 1277 1872 exponit
1319 1822 1513 1873 periculo

117 1884 272 1931 postea
322 1879 479 1919 iterum
531 1882 873 1934 praecipitanter
924 1886 1097 1937 agendi,
1152 1888 1270 1939 quod
1336 1889 1370 1928 si
1421 1890 1509 1939 fiat,

114 1947 327 1987 >naturalis
351 1947 514 1989 oblivio
537 1963 649 2002 quae
678 1958 834 2003 postea
865 1954 1049 2003 eveniet,
1072 1960 1115 1995 et
1147 1956 1247 1996 ideo
1278 1970 1330 1997 ea
1361 1959 1511 2000 omnia

113 2029 226 2068 quae
247 2015 422 2065 deinde,
444 2023 492 2057 ut
514 2024 655 2067 antea,
678 2032 737 2059 ex
760 2033 811 2059 ea
833 2020 1066 2073 profluant,
1099 2023 1297 2075 profecto
1329 2025 1507 2077 debent,

114 2090 162 2124 ut
184 2084 290 2124 satis
312 2085 511 2136 praevisa
534 2085 578 2125 z'n
599 2099 741 2135 causa,
764 2088 926 2141 agenti,
950 2095 998 2129 ut
1030 2091 1278 2131 voluntaria
1301 2093 1345 2131 7'72
1366 2107 1507 2143 causa,

112 2150 349 2204 imputari.3

177 2232 264 2261 110.
300 2221 412 2262 Rem
450 2222 638 2263 illustrat
675 2225 931 2277 exemplum
966 2239 992 2265 a
1026 2225 1232 2267 Suaresio
1265 2227 1506 2269 traditum.4

104 2292 127 2309 ⁴⁸
152 2289 199 2330 Si
241 2288 374 2329 homo
416 2290 650 2343 aliquoties
693 2300 904 2344 expertus
948 2294 1005 2334 sit
1046 2295 1184 2336 solere
1225 2310 1271 2336 se
1312 2297 1510 2338 oblivisci

151 2412 253 2443 ¹Vid.
277 2412 372 2449 infra,
391 2423 447 2444 nn.
467 2422 542 2453 244,
562 2414 635 2454 248,
663 2421 724 2446 etc.

150 2455 164 2476 2
177 2455 255 2486 Vid.
272 2466 341 2496 v.g.
357 2455 459 2496 Gury.
479 2457 568 2488 Part.
587 2459 609 2488 i.
625 2469 655 2489 n.
678 2457 710 2496 8,
732 2467 776 2490 ιο.

148 2498 250 2529 ³Vid.
269 2500 401 2536 Suarez,
428 2500 485 2530 Tr.
504 2501 541 2530 de
565 2501 766 2540 Voluntaria,
789 2502 884 2543 Disp.
901 2513 932 2542 4.
950 2508 1030 2535 sect.
1050 2504 1095 2535 iii.
1117 2516 1172 2536 nn.
1190 2505 1219 2541 8,
1238 2512 1291 2546 25,
1309 2510 1369 2537 etc.

149 2541 162 2561 4
181 2542 236 2572 Tr.
256 2542 293 2572 de
307 2542 478 2582 Religione,
496 2543 552 2574 Tr.
571 2544 613 2575 iv.
635 2544 712 2575 Lib.
730 2555 759 2583 4.
781 2556 854 2586 cap.
874 2547 989 2578 xxviii.
1006 2557 1038 2578 n.
1057 2559 1085 2586 4.
