1716 2729
101 95 161 135 66
691 93 921 134 Tractatus
1328 91 1424 148 [GU
1431 102 1507 142 RV,

106 210 224 250 illam
248 208 418 250 solvere
449 209 756 262 quaestionem
789 208 918 249 valde
949 209 1102 261 utique
1132 207 1352 257 subtilem,
1374 221 1508 260 quam

106 277 209 318 alibi
231 277 413 317 discutit
434 274 504 316 De
529 276 687 329 Lugo,1
710 290 766 316 an
790 276 919 316 liceat
951 289 1112 329 nempe
1135 279 1155 296 “
1173 276 1307 316 etiarn
1341 281 1388 315 ut
1409 274 1512 314 hos-

105 351 196 385 tem
218 344 368 397 gladio
390 344 636 398 transfigas,
659 357 790 398 quern
824 343 952 384 aliter
982 350 1212 397 percutere
1244 357 1332 383 non
1364 348 1506 396 potes,

105 412 364 465 transfigere
386 418 430 452 te
451 411 582 452 simul
606 411 828 452 lethaliter
849 412 1008 451 eodem
1040 411 1142 460 ictu,
1163 425 1243 464 v.g.
1267 411 1302 451 si
1325 410 1511 463 supinus

101 481 251 534 jaceas
273 494 405 534 super
426 481 599 522 hostem
632 481 706 533 qui
739 486 783 520 te
816 480 1019 521 manibus
1051 486 1185 531 tenet,
1208 494 1262 521 ne
1294 493 1512 533 assurgaS,

106 562 187 589 nec
208 549 350 602 possis
372 548 500 589 aliter
521 562 622 588 eum
655 548 854 588 occidere
884 548 967 587 nisi
1001 548 1284 588 immittendo
1312 547 1513 601 gladium

106 616 176 658 vel
198 617 439 670 pugionem
462 630 540 668 per
560 622 686 656 tuum
710 621 877 668 pectus,
892 622 941 656 ut
963 615 1046 656 hoc
1068 616 1157 656 ictu
1179 615 1354 656 hostem
1378 615 1513 656 etiam

109 684 190 725 sub
212 690 256 724 te
274 684 498 737 jacentem
521 683 752 724 confodias
775 689 819 724 et
841 683 1017 724 occidas
1036 697 1045 724 :
1063 682 1083 698 '’
1106 684 1149 723 in
1173 697 1262 736 qua
1282 684 1515 736 questione

109 751 382 802 resolvenda,
400 752 442 792 in
466 758 637 805 partem
656 751 950 793 affirmantem
973 751 1166 801 inclinat,
1183 765 1234 792 ea
1256 752 1515 805 praesertim

109 820 281 861 ratione
303 820 482 860 innixus
505 821 626 873 quod
650 823 669 840 ‘⁴
687 821 803 860 actio
820 826 897 860 tua
914 820 1078 861 directe
1095 820 1240 860 tendit
1260 820 1318 861 ad
1339 819 1515 860 hostem

111 888 406 928 occidendum
430 902 438 937 ;
485 888 589 941 quia
624 888 738 928 sicut
776 885 840 942 [in
875 888 1086 941 exemplo
1124 901 1161 928 n.
1205 888 1296 928 168.
1331 885 1515 941 tradito]

111 969 270 1008 corpus
308 955 488 996 infantis
527 956 570 995 in
606 956 753 996 medio
788 956 1046 1009 oppositum
1081 955 1325 1009 percutitur
1363 988 1371 996 .
1413 987 1421 994 .
1464 967 1517 994 eo

112 1024 232 1076 quod
257 1023 368 1064 ictus
391 1029 435 1064 et
456 1022 631 1076 gladius
652 1029 755 1064 tuus
778 1023 922 1064 solum
946 1037 971 1063 a
993 1029 1037 1063 te
1060 1023 1265 1076 dirigitur
1286 1022 1342 1063 ad
1365 1028 1518 1075 peten-

109 1092 219 1131 dum
241 1090 428 1140 hostem,
451 1104 582 1143 quem
606 1104 685 1143 per
713 1090 831 1131 aliud
859 1090 1053 1144 spatium
1076 1104 1164 1131 non
1193 1096 1321 1144 potes
1355 1097 1518 1144 petere,

113 1159 196 1199 nisi
230 1172 308 1211 per
341 1158 450 1199 illud
485 1159 528 1198 in
564 1172 653 1211 quo
692 1164 759 1198 est
793 1158 949 1208 infans,
981 1165 1025 1199 et
1053 1164 1100 1199 tu
1139 1159 1272 1199 uteris
1300 1158 1399 1211 jure
1434 1164 1513 1198 tuo

112 1226 293 1280 petendi
315 1225 605 1278 hostem,qua
629 1239 728 1266 eum
753 1227 948 1266 invenire
970 1233 1122 1279 potes;
1157 1226 1218 1266 ita
1240 1226 1419 1278 quando
1441 1239 1519 1279 per

111 1301 237 1335 tuum
261 1301 415 1347 pectus
437 1294 702 1347 interjacens
723 1294 899 1335 hostem
925 1295 1052 1348 petis,
1070 1294 1142 1347 jus
1175 1294 1313 1335 habes
1335 1294 1518 1348 petendi

114 1363 287 1402 hostem
326 1377 403 1415 per
436 1363 543 1403 illud
578 1363 772 1417 spatium
806 1377 885 1417 per
913 1364 1033 1416 quod
1071 1363 1213 1404 solum
1252 1370 1378 1417 potes
1416 1377 1518 1404 eum
1591 1384 1594 1393 =

114 1437 274 1486 petere,
307 1445 386 1472 nec
419 1430 668 1484 interjectio
698 1432 761 1472 tui
797 1432 993 1485 corporis
1026 1431 1168 1472 aufert
1194 1432 1274 1472 tibi
1309 1432 1416 1472 illud
1436 1431 1521 1484 jus,

114 1500 227 1540 sicut
263 1513 352 1540 non
390 1499 534 1540 aufert
570 1499 679 1539 illud
716 1498 995 1553 interpositio
1036 1500 1230 1553 corporis
1271 1498 1520 1540 infantilis.''

120 1567 244 1607 Haec
266 1572 418 1607 tamen
453 1566 743 1620 intelligenda
765 1572 868 1607 sunt
900 1580 954 1607 eo
987 1580 1116 1607 sensu
1147 1566 1267 1619 quod
1302 1573 1425 1607 actus
1448 1567 1522 1608 ille

117 1648 206 1675 non
229 1634 278 1675 fit
312 1634 491 1674 illicitus
521 1648 578 1674 ex
607 1648 660 1674 eo
682 1635 802 1688 quod
832 1648 969 1687 agens
997 1635 1163 1675 directe
1189 1648 1235 1674 se
1263 1634 1522 1685 interficiat;

114 1703 236 1755 quod
258 1702 375 1742 enim
399 1703 559 1742 attinet
591 1703 648 1742 ad
680 1702 787 1742 alias
818 1702 1109 1751 conditiones,
1131 1702 1391 1755 praesertim
1414 1715 1519 1744 vero

115 1770 173 1810 ad
196 1769 404 1810 rationem
417 1769 738 1822 proportionale
758 1782 942 1821 gravem
964 1782 1078 1821 quae
1109 1768 1266 1810 adesse
1287 1769 1449 1811 debeat
1470 1776 1519 1810 ut

117 1837 247 1877 liceat
282 1850 460 1877 causam
494 1850 600 1876 suae
632 1836 785 1876 mortis
819 1837 881 1877 sic
914 1849 1091 1889 ponere,
1114 1837 1272 1877 merito
1301 1842 1427 1878 notat
1449 1837 1520 1878 De

119 1902 267 1957 Lugo2
287 1904 507 1945 difficilius
529 1917 659 1957 posse
683 1918 774 1944 rem
797 1904 841 1944 in
865 1905 994 1957 praxi
1017 1904 1204 1945 admitti.

180 1971 270 2024 176.
304 1972 377 2012 Ex
399 1971 614 2012 hactenus
645 1972 861 2026 expositis
889 1977 1063 2012 constat
1088 1972 1363 2012 conditiones
1391 1985 1520 2025 quar-

118 2045 208 2079 tam
231 2044 275 2080 et
296 2039 494 2092 quintam
516 2039 559 2079 in
584 2040 858 2080 enuntiando
879 2039 1094 2092 principio
1116 2039 1314 2087 traditas,
1338 2041 1521 2082 omnino

119 2107 277 2160 requiri
307 2108 351 2147 in
385 2121 438 2148 eo
467 2121 628 2160 genere
661 2119 842 2148 casuum
873 2107 929 2148 de
960 2120 1049 2159 quo
1077 2106 1147 2146 hic
1184 2111 1269 2160 (nn.
1312 2107 1515 2162 162-175)

116 2188 261 2216 sermo
283 2180 358 2214 est.

185 2251 276 2294 177.
313 2241 450 2282 Haud
493 2242 637 2282 minus
680 2249 831 2283 tamen
875 2240 1119 2282 luculenter
1155 2255 1212 2281 ex
1256 2248 1388 2283 antea
1429 2242 1519 2295 (nn.

125 2310 332 2364 141-148)
353 2309 571 2362 expositis
594 2316 769 2351 constat
791 2323 865 2351 eas
889 2309 970 2349 nisi
992 2310 1036 2349 in
1059 2309 1231 2351 casibus
1264 2310 1519 2365 hujusmodi

119 2392 207 2418 non
231 2377 401 2432 requiri.

411 2496 420 2516 ἲ
438 2497 490 2528 De
502 2497 646 2538 chstz'tia
661 2501 690 2527 et
703 2497 805 2538 Jure,
823 2497 920 2540 Disp.
939 2505 990 2530 10.
1010 2502 1089 2529 sect.
1106 2497 1126 2528 i.
1143 2508 1174 2529 n.
1198 2504 1254 2539 52.

415 2540 489 2571 2Id.
505 2540 589 2571 ibid.
606 2550 640 2571 n.
660 2546 712 2581 54.
