1716 2729
110 77 181 105 nn.
207 65 271 110 26,
297 68 377 117 27.]
550 66 601 105 de
620 64 802 105 Actibus
822 64 1063 105 Humanis.
1441 65 1522 117 169

170 180 323 228 Sexta,
358 181 572 233 quomodo,
595 181 772 233 respicit
794 180 968 220 modum
1005 181 1194 231 agendi:
1234 194 1287 220 an
1327 194 1410 233 vg.
1427 180 1522 220 sine

109 249 240 302 plena
263 250 321 289 rei
354 250 620 302 cognitione,
641 261 697 288 an
732 262 790 288 ex
809 247 1078 296 infirmitate,
1102 261 1158 287 ex
1178 249 1397 300 passione,
1419 262 1519 289 cum

109 331 274 370 magno
296 319 432 358 animi
456 323 617 358 conatu
641 330 716 357 seu
740 317 1008 364 intensitate,
1032 323 1127 364 etc.‚
1145 323 1226 357 etc.

169 385 369 438 Septima
382 386 584 439 denique.
608 385 789 438 qnando,
812 385 989 438 respicit
1008 391 1170 437 tempus
1191 399 1280 439 quo
1304 387 1421 426 actio
1444 386 1493 427 fit
1512 403 1520 427 ε

110 467 165 494 an
187 468 271 507 vg.
293 454 364 494 die
387 454 516 502 festo,
541 454 613 493 die
632 453 800 507 jejunii,
824 460 918 501 etc.‚
941 451 1040 493 etc,1

165 573 262 625 463.
297 571 848 628 Principium-—Actns
878 573 1097 614 humanus
1128 574 1419 614 moralitatem
1450 574 1520 615 de-

105 642 242 682 sumit
260 655 311 681 ex
328 641 676 682 circumstantiis.

163 710 258 761 464.
284 710 463 750 Etenim
479 710 689 750 honestas
707 716 784 750 aut
798 709 1056 751 inhonestas
1071 711 1258 750 actionis
1273 711 1523 751 desumitur

106 792 163 819 ex
186 779 392 819 omnibus
411 778 447 831 ej
457 793 505 819 us
520 779 751 819 elementis
769 792 883 831 quae
902 779 1064 831 regulis
1083 793 1255 819 morum
1275 779 1521 819 conformia

105 853 182 887 aut
204 848 426 888 difformia
444 862 539 888 esse
572 854 784 901 possunt:
813 846 1013 900 jamvero
1036 849 1408 897 circumstantiae,
1431 862 1520 889 non

107 916 250 955 minus
286 930 420 969 quam
457 917 604 970 ipsum
639 915 879 968 objectum,
903 923 1091 969 possunt
1128 917 1195 957 his
1234 917 1395 970 regulis
1417 930 1520 957 con-

105 983 266 1024 formes
308 991 386 1024 aut
427 984 653 1025 difformes
700 998 808 1025 esse.
892 985 966 1026 Sic
1007 999 1090 1038 vg.
1135 999 1308 1025 morum
1354 985 1520 1038 regulis

104 1052 331 1093 conforme
354 1059 420 1092 est
442 1066 532 1092 non
557 1052 700 1093 solum
735 1052 1067 1105 eleemosynam
1100 1053 1261 1106 largiri,
1282 1054 1360 1094 sed
1384 1054 1520 1094 etiarn

102 1121 250 1174 largiri
286 1121 543 1174 copiosam:
582 1135 606 1161 e
642 1121 864 1161 contrario
898 1121 1055 1161 iisdem
1092 1121 1297 1162 difforme
1333 1128 1399 1162 est
1432 1135 1520 1162 non

104 1189 249 1229 solum
291 1190 520 1230 hominem
557 1190 771 1238 occidere,
808 1190 885 1230 sed
923 1190 1059 1230 etiam
1096 1190 1297 1230 occidere
1334 1203 1520 1231 consan-

104 1258 327 1310 guineum.
350 1258 570 1305 clericum,
592 1264 689 1306 etc.,
710 1255 809 1297 etc.²

160 1327 258 1378 465.
293 1327 425 1380 Quod
449 1327 609 1368 attinet
632 1327 687 1367 ad
707 1335 831 1367 actus
863 1326 1175 1376 moralitatem,
1200 1328 1283 1367 tria
1315 1335 1417 1368 sunt
1440 1328 1520 1368 cir-

102 1397 474 1437 cumstantiarum
496 1409 669 1448 genera.

161 1464 257 1515 466.
283 1465 472 1505 Etenim
516 1468 554 1504 1⁰
576 1464 690 1504 aliae
712 1470 814 1504 sunt
844 1477 958 1517 quae
980 1464 1037 1503 ad
1060 1470 1185 1505 actus
1218 1464 1517 1505 moralitatem

104 1532 212 1572 nihil
249 1532 497 1581 conferunt,
530 1533 696 1586 quippe
725 1546 839 1585 quae
877 1546 933 1572 ex
971 1545 1017 1572 se
1049 1533 1137 1571 sint
1170 1532 1352 1572 omnino
1389 1531 1520 1572 indif-

102 1600 293 1641 ferentes
315 1615 322 1641 :
359 1600 579 1653 ejusmodi
601 1614 682 1653 vg.
707 1608 774 1640 est
797 1607 945 1640 utrum
968 1601 1067 1653 quis
1099 1613 1252 1640 carnes
1277 1600 1518 1640 manducet

103 1668 212 1709 feria
264 1669 458 1711 secunda
510 1683 565 1709 an
618 1668 725 1709 feria
775 1669 934 1709 tertia:
987 1675 1135 1708 utrum
1185 1668 1517 1720 eleemosynam

103 1737 316 1788 largiatur
330 1751 463 1778 manu
486 1739 675 1778 dextera
692 1750 748 1776 an
771 1737 947 1777 sinistra
968 1751 975 1786 ;
998 1737 1053 1777 de
1076 1736 1251 1789 quibus,
1276 1742 1320 1776 et
1342 1737 1398 1777 de
1422 1737 1519 1778 aliis

104 1806 375 1859 hujusmodi,
411 1807 530 1855 nihil,
568 1814 617 1847 ut
654 1812 793 1859 patet,
813 1806 884 1846 hic
920 1805 1159 1846 dicendum
1198 1812 1277 1846 est.
1341 1806 1380 1846 E
1415 1820 1519 1846 con-

102 1876 239 1916 trario
281 1879 324 1915 20
365 1876 476 1917 aliae
517 1883 620 1916 sunt
663 1890 720 1916 ex
763 1875 922 1928 quibus
965 1876 1150 1916 actionis
1189 1876 1399 1916 honestas
1442 1883 1519 1917 aut

104 1943 362 1985 inhonestas
384 1945 446 1985 ita
477 1946 725 1985 desumitur
747 1950 795 1985 ut
826 1958 884 1984 ex
921 1944 973 1983 iis
1010 1944 1152 1984 bonus
1175 1950 1252 1984 aut
1277 1944 1419 1984 malus
1442 1945 1519 1985 fiat

104 2017 230 2052 actus
251 2013 447 2066 alioquin
471 2013 738 2062 indifferens,
755 2013 894 2052 immo
916 2019 966 2052 ut
984 2012 1125 2053 malus
1148 2027 1206 2052 ex
1224 2013 1275 2052 iis
1294 2012 1371 2053 fiat
1393 2019 1518 2053 actus

103 2080 300 2133 alioquin
323 2081 493 2121 bonus:
533 2083 588 2121 de
611 2080 771 2134 quibus
803 2078 951 2133 supra³
973 2081 1143 2121 dictum
1171 2087 1247 2121 est.
1312 2081 1519 2134 Denique

108 2152 150 2200 3⁰
171 2155 274 2188 sunt
307 2149 430 2198 aliae,
457 2150 512 2190 de
549 2150 708 2202 quibus
730 2149 801 2189 hic
830 2149 1054 2201 agendum
1093 2156 1171 2199 est,
1192 2163 1303 2199 quae
1343 2149 1518 2189 morali-

106 2223 245 2256 tatem
297 2216 476 2268 quidem
529 2225 653 2257 actus
705 2217 913 2266 afficiunt,
964 2218 1042 2257 sed
1093 2223 1276 2257 eatenus
1327 2223 1517 2266 tantum,

179 2356 232 2386 De
255 2355 307 2386 his
330 2354 483 2386 omnibus
510 2356 579 2386 vid.
606 2356 740 2398 Sporer,
772 2357 887 2390 Tract.
923 2365 952 2388 1.
981 2368 1055 2399 cap.
1090 2357 1127 2388 ii.
1157 2368 1214 2388 nn.
1249 2365 1367 2396 24—293
1402 2356 1513 2394 Perin,

108 2400 547 2479 Ωξᾶῧδίἓ,ἶέρῖξὲ-Γῗὶἣᾙεϊ.
570 2450 598 2473 1.
617 2452 690 2484 cap.
709 2442 758 2473 iii.
783 2452 816 2474 n.
834 2450 896 2480 21;
915 2443 1070 2481 Billuart,
1094 2443 1152 2474 Tr.
1174 2443 1209 2473 de
1233 2444 1306 2474 Act.
1329 2443 1517 2480 Humanis,

108 2485 199 2516 Diss.
215 2495 246 2524 4.
264 2492 324 2516 art.
343 2485 388 2516 iii.
412 2484 425 2525 ᾧ
446 2493 478 2515 2.

163 2529 251 2560 3Vid.
267 2539 378 2570 supra,
397 2539 454 2559 nn.
471 2535 548 2568 437,
562 2528 638 2568 438.
