1716 2729
163 79 214 108 22
748 70 974 111 Tractatus
1384 72 1562 126 [GURY,

218 183 284 224 68.
320 183 477 236 Itaque
497 183 793 225 voluntarium
815 186 980 226 actuale
999 192 1065 227 est
1086 186 1193 227 illud
1217 186 1336 240 quod
1360 200 1385 227 a
1405 187 1560 228 volun-

160 256 253 291 tate
274 251 345 292 hic
366 258 410 291 et
432 265 548 292 nunc
571 252 741 292 elicitur
762 258 839 293 aut
860 254 1102 307 imperatur
1120 269 1130 306 ;
1159 269 1243 309 v.g.
1267 268 1403 308 quum
1421 268 1561 296 sacer-

162 320 242 360 dos
259 327 536 361 sacramenta
549 320 787 360 collaturus
805 321 865 361 sic
883 322 1175 365 intentionem
1190 338 1317 365 suam
1332 323 1536 364 efformat
1551 339 1563 364 ς

161 387 277 428 Volo
298 388 536 440 baptizare,
559 394 639 429 etc.
719 387 914 430 Virtuale
943 391 1102 432 dicitur
1132 392 1176 433 id
1209 393 1327 446 quod
1360 392 1562 445 provenit

162 469 220 494 ex
249 456 490 496 voluntatis
523 461 624 496 actu
662 462 793 497 antea
827 457 986 508 elicito,
1007 472 1087 500 nec
1121 473 1314 513 unquam
1346 465 1565 510 revocato,

162 531 296 577 atque
334 526 479 566 adhuc
516 526 559 565 in
595 539 674 566 sua
695 526 857 566 virtute
891 535 1208 579 permanente;
1240 528 1357 582 quod
1381 528 1560 581 quidem

163 594 318 634 adesse
352 600 555 635 censetur
592 595 635 634 in
669 608 721 634 eo
758 595 846 647 qui,
882 608 1019 648 quum
1053 609 1197 650 capax
1240 603 1306 637 est
1348 597 1559 649 operandi

163 662 298 701 modo
321 661 528 710 humano,
551 662 718 715 aliquid
751 663 812 702 ita
834 663 926 715 agit
949 663 988 703 vi
1011 663 1251 706 voluntatis
1273 664 1534 717 praeteritae
1553 679 1561 714 ;

163 729 224 769 sic
246 743 329 782 vg.
354 730 388 768 si
412 730 616 770 sacerdos
640 736 877 783 postquam
901 731 1190 772 intentionem
1213 745 1338 772 suam
1361 732 1561 771 efforma-

163 797 236 844 vit,
278 797 437 837 deinde
474 798 634 838 virtute
677 798 792 838 illius
833 805 957 839 actus
997 813 1019 839 e
1061 800 1195 840 domo
1237 799 1470 853 egreditur,
1504 799 1561 839 ad

164 864 392 905 ecclesiam
430 856 602 917 pergit,
646 866 779 906 sacris
819 866 1016 906 vestibus
1056 881 1103 907 se
1145 867 1299 918 induit,
1339 880 1390 907 ac
1430 867 1560 907 ritum

163 932 323 973 deinde
346 932 602 986 baptizandi
625 933 808 986 perficit,
838 934 1084 987 baptismus
1115 936 1176 976 sic
1208 935 1393 976 collatus
1423 935 1564 975 virtu-

164 1001 292 1040 aliter
315 1000 353 1040 ei
371 1000 641 1041 voluntarius
665 1008 743 1051 est,
759 1002 841 1042 etsi
864 1003 938 1042 diu
962 1003 1147 1044 cessavit
1167 1009 1287 1044 actus
1306 1003 1562 1044 intentionis

165 1069 284 1121 prius
319 1068 503 1116 elicitae,
542 1083 684 1121 neque
719 1070 930 1123 cogitavit
963 1071 1166 1111 sacerdos
1204 1072 1259 1112 de
1293 1071 1379 1111 alio
1414 1071 1562 1124 hujus-

167 1136 287 1176 modi
320 1142 419 1176 actu
453 1136 679 1187 eliciendo,
704 1151 848 1190 neque
880 1137 969 1178 ullo
1001 1140 1135 1179 modo
1167 1139 1422 1179 intentionis
1444 1139 1564 1192 prius

165 1204 336 1245 elicitae
370 1205 634 1246 recordatur.
698 1206 787 1245 Res
826 1205 931 1246 item
966 1205 1207 1247 illustratur
1239 1206 1447 1259 exemplo
1486 1207 1563 1247 ali-

165 1272 290 1325 quus
323 1274 403 1313 iter
434 1273 699 1326 perficientis
721 1274 882 1315 virtute
914 1275 1170 1316 intentionis
1203 1275 1484 1328 perveniendi
1507 1277 1563 1316 ad

165 1341 401 1382 terminum
455 1342 635 1390 itineris,
684 1355 763 1395 vg.
809 1343 1017 1392 Romam,
1073 1343 1128 1384 ab
1182 1344 1359 1396 incepto
1410 1343 1565 1383 itinere

166 1409 361 1458 elicitam
396 1410 501 1450 item
540 1409 761 1462 agricolae
795 1410 869 1463 qui
907 1424 1017 1463 opus
1049 1411 1358 1463 quotidianum
1391 1411 1561 1463 peragit

164 1478 325 1519 virtute
348 1477 604 1518 intentionis
629 1492 760 1518 mane
780 1478 952 1519 elicitae
973 1479 1034 1518 sic
1056 1479 1137 1518 sibi
1170 1480 1346 1531 suisque
1368 1479 1423 1519 de
1445 1480 1562 1520 vitae

166 1545 420 1585 necessariis
456 1545 728 1598 providendi.
809 1545 1051 1587 Habz'tuale
1078 1546 1269 1598 denique
1300 1545 1459 1586 dicitur
1489 1561 1563 1587 vo-

166 1614 403 1654 luntarium
427 1614 544 1667 quod
576 1613 693 1666 prius
726 1614 905 1667 quidem
938 1614 1110 1654 actuale
1143 1613 1236 1663 fuit,
1258 1627 1337 1653 nec
1368 1627 1562 1667 unquam

166 1682 248 1722 fuit
272 1688 537 1730 revocatum,
570 1695 714 1734 neque
746 1688 909 1731 tamen,
940 1695 1069 1722 sensu
1103 1682 1322 1734 exposito,
1346 1682 1389 1721 in
1421 1685 1564 1724 activa

165 1764 245 1791 sua
266 1750 426 1790 virtute
458 1756 700 1802 permanet.
763 1749 837 1791 Sic
854 1763 937 1802 vg.
959 1750 1002 1789 in
1036 1763 1088 1790 eo
1111 1750 1199 1802 qui,
1221 1757 1322 1803 post
1344 1752 1561 1793 actualem

166 1818 357 1859 elicitam
395 1817 684 1858 intentionem
721 1817 952 1870 cujusdam
989 1817 1199 1858 orationis
1235 1819 1495 1868 recitandae,
1520 1821 1565 1860 in·

165 1899 372 1927 somnum
411 1885 588 1934 incidat,
611 1891 744 1937 atque
782 1885 1004 1925 dormiens
1045 1885 1206 1926 deinde
1243 1885 1437 1938 proferat
1471 1902 1564 1928 ver-

165 1956 320 1995 borum
344 1952 593 2001 formulam,
625 1952 861 1993 habitualis
881 1965 975 1992 esse
992 1952 1151 1992 dicitur
1172 1952 1376 1994 voluntas
1397 1956 1562 1996 orandi.

168 2024 304 2063 Haud
337 2035 432 2061 raro
457 2027 606 2061 tamen
641 2021 751 2069 TT.,
774 2020 1030 2074 praesertim
1062 2027 1242 2069 veteres,
1274 2021 1562 2064 intentionem

162 2091 422 2132 habitualem
445 2103 524 2142 pro
545 2088 732 2129 virtuali
749 2086 955 2129 sumunt.l

221 2160 288 2212 69.
322 2159 395 2198 Ex
431 2157 497 2197 his
535 2163 670 2210 patet,
696 2157 752 2197 ad
786 2156 1084 2197 voluntarium
1121 2159 1211 2198 sive
1247 2159 1437 2200 virtuale
1473 2161 1564 2200 sive

163 2228 296 2269 etiam
338 2226 566 2273 habituale,
609 2225 766 2278 requiri
809 2223 917 2264 haec
958 2225 1076 2266 duo:
1128 2232 1177 2266 ut
1221 2231 1259 2265 1⁰
1281 2228 1564 2280 praecesserit

161 2295 456 2337 voluntarium
480 2293 664 2342 actuale,
686 2292 804 2345 quod
830 2295 872 2330 2⁰
894 2305 980 2332 non
1005 2292 1132 2333 fuerit
1151 2301 1415 2335 revocatum.
1479 2295 1564 2335 His

162 2363 335 2404 duobus
370 2361 649 2402 constituitur
677 2360 973 2401 voluntarium
1011 2360 1234 2401 lzabz'luale.
1301 2362 1374 2402 Ad
1409 2363 1563 2403 volun-

204 2493 215 2513 1
241 2494 293 2524 De
324 2494 511 2525 voluntario
542 2494 735 2534 praesertim
763 2494 939 2531 habz’luali,
972 2494 1040 2524 vid.
1078 2495 1200 2532 Haine,
1237 2497 1411 2537 Prz‘nczpia
1450 2496 1560 2528 Theol.

163 2537 429 2575 Sacramentalis,
449 2547 523 2577 cap.
542 2547 573 2566 v.
592 2537 673 2567 dub.
692 2535 725 2567 8.
773 2536 827 2568 Cf.
848 2536 998 2575 Lacroix,
1019 2537 1095 2568 Lib.
1115 2539 1159 2568 iv.
1177 2549 1210 2569 n.
1233 2547 1328 2579 1324.
