1716 2729
134 80 172 107 n.
201 65 251 119 1.]
585 62 636 102 de
655 60 836 100 Actibus
856 57 1094 99 Humanis.
1501 61 1525 107 7

191 190 256 231 23.
291 179 377 220 Hic
399 184 547 220 tamen
569 175 806 229 inspiciunt
827 173 920 214 TT.
952 171 1125 212 modum
1156 185 1244 224 quo
1278 177 1401 211 actus
1433 183 1528 223 per-

135 249 347 297 ficiuntur,
363 247 506 300 potius
525 259 657 298 quam
676 243 916 284 eorundem
934 240 1238 282 substantiam.
1280 238 1528 291 Specialem

135 317 256 357 illum
298 314 456 368 agendi
499 313 681 354 modurn
727 324 860 364 quem
902 309 1000 350 loco
1043 308 1179 349 citato
1227 307 1434 359 intelligit
1487 306 1529 347 S.

136 384 343 432 Thomas,
381 383 442 423 sic
478 382 570 434 ipse
607 380 770 421 ibidem
816 378 1021 419 declarat.
1083 378 1103 396 “
1121 373 1288 426 Differt
1321 374 1439 413 ltomo
1479 372 1532 413 ab

138 450 463 493 irrationalibus
489 448 697 490 creaturis
726 447 771 488 in
792 446 876 495 hoc,
911 444 1024 498 quod
1056 449 1119 483 est
1146 455 1321 482 suorum
1360 447 1531 480 actuum

136 516 372 562 dominuS.”
415 517 638 571 Quoniam
661 516 793 569 igitur
813 514 948 555 homo
969 510 1135 552 censeri
1154 509 1307 562 nequit
1324 508 1533 548 dominus

139 588 218 628 nisi
240 587 410 627 illorum
434 591 612 626 actuum
639 584 713 637 qui
735 582 863 628 libere
882 580 1007 629 fiunt,
1030 579 1105 632 qui
1128 591 1287 630 nempe
1308 590 1367 617 ex
1399 576 1533 629 ipsius

139 655 317 697 arbitrio
354 655 551 708 pendent
586 658 635 694 ut
676 651 958 705 perficiantur
999 653 1075 689 aut
1116 647 1390 693 omittantur,
1432 645 1532 684 ideo

140 725 356 765 humanus
377 727 500 762 actus
522 720 728 761 definitur
749 724 867 759 actus
887 717 964 770 qui
984 715 1037 756 ab
1067 714 1237 755 nomine
1265 712 1532 765 libereperfi-

139 793 270 833 citur:
305 804 380 831 seu
413 789 595 842 plenius,
619 794 667 828 ut
689 785 846 840 supra,l
867 791 988 826 actus
1007 783 1084 837 qui
1104 782 1157 823 ab
1178 780 1345 822 nomine
1364 780 1535 833 perfici-

142 867 215 901 tur
252 873 346 900 cum
386 856 653 898 advertentia
695 854 936 902 intellectus,
976 865 1174 893 consensu
1216 848 1462 897 voluntatis,
1499 854 1537 888 et

141 928 351 971 libertatis
384 926 607 973 exercuim-
638 925 747 965 haec
778 923 907 971 enirn,
944 927 992 962 ut
1033 921 1144 961 infra
1178 918 1441 967 videbimus,
1480 917 1536 957 ad

143 998 278 1040 libere
299 996 520 1049 agendum
544 990 858 1047 requiruntun²

202 1072 267 1117 24.
300 1065 497 1117 Ideoque
517 1063 734 1103 humanus
754 1061 913 1101 dicitur
935 1063 1058 1099 actus
1081 1057 1224 1111 quivis
1247 1069 1378 1109 quem
1401 1054 1538 1095 homo

146 1135 207 1177 si'c
220 1132 500 1188 perficit,sive
515 1137 637 1170 actus
654 1129 736 1179 ille,
745 1128 863 1182 quod
879 1127 1038 1168 attinet
1056 1126 1110 1166 ad
1128 1124 1222 1177 ejus
1237 1123 1537 1171 substantiam,

146 1201 398 1244 hominibus
421 1197 627 1252 proJrius
659 1203 737 1246 est,
770 1202 818 1236 ut
851 1197 893 1235 in
928 1193 1145 1246 exemplis
1182 1206 1222 1233 n.
1256 1201 1324 1232 22.
1357 1191 1540 1240 traditis,

148 1270 239 1311 sive
260 1273 325 1309 est
350 1272 472 1308 actus
495 1280 545 1305 ea
567 1266 736 1305 ratione
768 1262 1002 1303 communis
1033 1259 1284 1301 hominibus
1316 1265 1360 1299 et
1390 1259 1541 1306 brutis,

148 1342 198 1379 ut
216 1349 297 1388 vg.
320 1333 560 1383 ambulare,
586 1332 864 1379 manducare,
888 1336 981 1379 etc.,
1005 1335 1088 1370 etc.

208 1413 272 1456 25.
308 1403 537 1442 Hactenus
568 1401 624 1440 de
655 1399 911 1440 definitione
942 1396 1124 1438 humani
1156 1401 1292 1444 actus,
1314 1395 1426 1434 sicut
1448 1395 1540 1434 TT.

149 1469 505 1514 communissime
537 1481 636 1508 cum
668 1467 710 1508 S.
745 1467 920 1507 Thorna
949 1465 1063 1505 hanc
1093 1476 1247 1504 vocem
1280 1462 1542 1514 intelligunt.

153 1540 255 1581 Non
277 1538 437 1579 desunt
459 1542 608 1576 tamen
632 1536 706 1588 qui
729 1548 857 1575 sensu
881 1532 1029 1586 paullo
1052 1532 1206 1572 latiore
1228 1544 1324 1571 eam
1355 1536 1545 1579 sumant,

152 1608 207 1649 ad
230 1604 527 1659 designandos
549 1609 674 1644 actus
694 1616 849 1643 omnes
871 1602 946 1654 qui
969 1601 1025 1641 ab
1046 1600 1225 1640 homine
1256 1599 1367 1639 fiunt
1398 1598 1547 1651 quovis

152 1674 312 1729 agendi
330 1673 450 1713 modo
465 1670 708 1712 homiuibus
719 1670 909 1723 proprio.
973 1668 1122 1722 Quum
1139 1668 1270 1720 igitur
1291 1667 1425 1707 homo
1444 1672 1547 1719 agat

154 1744 289 1786 modo
310 1741 391 1782 sibi
414 1740 604 1794 proprio,
627 1740 718 1780 sive
751 1738 886 1779 libere
909 1737 999 1778 sive
1022 1737 1280 1785 necessario,
1303 1735 1549 1776 dummodo

155 1810 405 1859 voluntarie,
426 1814 543 1862 agat,
565 1808 648 1848 hoc
671 1820 801 1847 sensu
824 1806 1044 1846 humanus
1065 1810 1188 1846 actus
1211 1802 1418 1844 definitur
1431 1809 1549 1842 actus

155 1881 233 1933 qui
261 1893 289 1920 a
321 1877 537 1918 voluntate
570 1875 757 1916 ltotninis
779 1873 971 1926 procedit
999 1887 1093 1912 cum
1111 1871 1297 1925 praevia
1320 1870 1551 1911 intellectus

157 1942 455 1989 advertentz'a.³
516 1943 805 1985 communior
826 1949 976 1982 tamen
998 1940 1116 1981 vocis
1139 1939 1396 1992 acceptatio,
1419 1951 1458 1978 n.
1482 1947 1547 1988 23.

159 2014 375 2068 exposita,
399 2013 469 2053 hic
491 2012 698 2064 deinceps
722 2010 951 2050 retinenda
973 2014 1049 2048 est.

219 2083 284 2123 26.
316 2082 390 2122 Ex
431 2081 558 2121 dictis
599 2085 722 2133 patet
762 2084 910 2118 actum
951 2076 1190 2117 humanum
1232 2074 1414 2115 omnino
1465 2073 1550 2113 dis-

161 2150 452 2203 tinguendum
476 2162 570 2188 esse
592 2148 647 2188 ab
670 2152 770 2187 actu
792 2145 987 2193 leontinis,
1006 2158 1093 2198 quo
1115 2143 1294 2183 nomine
1315 2142 1554 2194 aliquando

162 2218 417 2271 designatur
459 2215 524 2271 (a)
569 2215 710 2268 quivis
744 2220 866 2254 actus
904 2213 977 2266 qui
1015 2213 1070 2253 ab
1106 2211 1285 2252 homine
1322 2210 1553 2263 perficitur,

163 2285 401 2339 aliquando
425 2284 484 2337 (b)
509 2282 724 2323 strictiore
746 2295 874 2322 sensu
898 2280 1187 2334 designantur
1208 2284 1330 2319 actus
1352 2278 1379 2317 ii
1402 2278 1475 2330 qui
1498 2276 1555 2318 ab

209 2421 309 2452 wid.
329 2431 361 2451 n.
378 2427 431 2450 20.

207 2465 311 2495 wid.
329 2474 361 2494 n.
379 2471 429 2502 29.

209 2508 222 2529 ⁸
236 2509 288 2538 Ita
304 2517 370 2547 v.g.
392 2505 500 2542 Perin,
521 2504 657 2545 Quaest.
677 2512 707 2535 2.
726 2508 787 2534 art.
812 2503 845 2533 ii.
872 2502 928 2543 «ξι.
950 2501 1001 2534 Cf.
1020 2502 1152 2539 Suarez,
1178 2500 1233 2531 Tr.
1259 2498 1297 2529 de
1325 2498 1449 2529 Ultimo
1465 2497 1549 2528 Fine

167 2551 335 2588 Hominis,
355 2548 446 2579 Diss.
464 2557 495 2580 2.
515 2552 593 2579 sect.
609 2547 642 2577 ii.
660 2557 714 2577 nn.
731 2546 762 2584 8,
781 2554 812 2585 9.
