1716 2729
121 115 163 140 n.
195 100 276 153 17.]
614 98 666 138 de
689 97 868 137 Actibus
893 97 1123 138 Humanis.
1446 110 1458 138 Ι
1476 109 1527 149 19

182 229 277 268 310.
312 217 445 270 Quod
460 216 495 256 si
520 219 675 262 metus,
695 213 777 253 etsi
800 212 982 265 plenum
1006 213 1187 253 rationis
1201 228 1328 254 usum
1348 214 1529 254 minime

120 287 317 339 impedit,
353 290 561 337 agentem
601 288 752 322 tamen
788 281 1041 322 notabiliter
1077 289 1341 329 commovet,
1378 283 1439 322 ita
1480 289 1530 323 ut

120 354 254 394 modo
287 367 327 394 n.
351 361 446 404 303.
470 351 680 404 exposito
715 363 816 390 eum
848 350 1041 402 graviter
1073 356 1251 389 moveat
1283 352 1337 390 ad
1361 351 1528 404 aliquid

121 422 270 475 magni
294 420 508 461 momenti
529 419 766 472 agendum,
787 431 869 469 vg.
886 419 942 458 ad
965 423 1242 457 contractum
1265 420 1320 459 de
1343 434 1386 459 re
1408 422 1530 473 gravi

119 490 373 538 ineundum,
406 493 554 541 potest
592 501 687 527 esse
727 487 932 540 quaestio
969 487 1024 526 de
1059 487 1250 529 nomine,
1289 501 1343 527 an
1386 496 1532 529 metus

119 558 280 599 debeat
302 558 401 597 ideo
424 556 509 596 dici
530 555 759 608 subjective
770 552 956 608 gravis}
1019 555 1152 608 Quod
1176 556 1231 595 ad
1255 569 1345 594 rem
1370 557 1530 596 attinet

119 627 301 666 omnino
333 625 440 666 nihil
472 624 602 664 refert
640 630 787 664 utrum
821 623 1082 664 affirmative
1118 624 1440 676 respondeatur
1473 638 1528 664 an

120 696 338 749 negative.
404 693 663 736 Secundum
696 707 824 733 usum
858 693 1015 733 saltem
1045 693 1393 733 communiorem
1417 693 1531 734 solet

118 763 372 816 hujusmodi
415 769 559 802 metus
612 760 841 813 subjective
881 761 1040 813 gravis
1090 761 1331 814 appellari:
1385 774 1530 814 neque

117 834 291 873 videtur
312 845 407 872 esse
431 845 507 871 cur
530 844 618 870 non
643 830 704 869 ita
726 829 982 882 appelletur.

177 912 273 952 311.
306 901 478 941 Deinde
507 899 566 939 11.
589 899 625 939 si
662 912 729 938 res
756 899 944 939 sumitur
973 897 1180 951 objectivcq
1204 898 1362 938 divisio
1385 905 1531 938 metus

118 971 160 1010 in
187 983 372 1023 gravem
409 975 453 1008 et
487 968 622 1008 levem
660 967 770 1007 duas
808 966 954 1006 adhuc
990 966 1125 1006 habet,
1155 972 1331 1018 partes:
1365 968 1529 1007 etenim

118 1051 264 1078 sermo
286 1051 381 1078 esse
403 1041 553 1090 potest
586 1035 651 1089 (a)
678 1035 734 1075 de
758 1041 878 1075 metu
911 1035 1100 1075 absolute
1128 1036 1250 1088 gravi
1278 1041 1320 1076 et
1344 1034 1439 1085 levi,
1462 1035 1529 1075 vel

119 1106 175 1160 (b)
202 1107 258 1147 de
280 1112 400 1146 metu
422 1105 544 1158 gravi
567 1110 611 1144 et
634 1103 716 1144 levi
741 1103 974 1156 respective.

178 1187 270 1227 312.
306 1175 378 1216 Sic
414 1177 476 1228 (a)
512 1174 672 1214 dicitur
707 1172 894 1213 absolute
923 1172 1082 1226 gravis
1118 1186 1254 1225 quum
1287 1187 1336 1212 cx
1369 1173 1535 1213 ratione

107 1243 327 1296 probabili
359 1242 540 1295 aliquod
570 1241 737 1281 malum
773 1255 824 1281 ex
853 1255 897 1281 se
923 1254 1063 1294 grave
1099 1241 1447 1294 apprehenditur
1482 1249 1531 1282 ut

116 1318 224 1353 certo
257 1318 333 1353 aut
345 1310 631 1364 probabiliter
655 1310 870 1350 metuenti
904 1315 1163 1349 eventurum
1186 1325 1193 1349 ς
1226 1323 1350 1349 secus
1372 1311 1533 1351 dicitur

118 1382 306 1423 absolate
325 1379 440 1420 levis.

179 1461 273 1502 313.
310 1449 506 1500 Ideoque
529 1453 577 1487 ut
612 1451 845 1487 censeatur
864 1444 1051 1485 absolute
1073 1447 1232 1499 gravis
1252 1448 1533 1499 requiruntur

118 1520 212 1560 tria.
268 1517 524 1570 Requiritur
551 1519 590 1555 1⁰
612 1521 660 1556 ut
681 1528 733 1555 ex
751 1528 794 1554 se
807 1527 948 1567 grave
968 1513 1025 1552 sit
1046 1513 1212 1553 malum
1235 1514 1354 1566 quod
1376 1527 1530 1567 appre-

118 1589 365 1637 hendatur3
398 1599 528 1638 porro
559 1599 611 1625 ex
640 1599 684 1625 se
712 1583 878 1637 gravia
910 1591 1144 1624 censentur
1175 1598 1226 1624 ea
1258 1584 1375 1624 mala
1407 1598 1533 1637 quae,

120 1671 257 1710 quum
301 1654 701 1708 apprehenduntur
738 1659 787 1692 ut
821 1658 941 1691 certo
975 1658 1050 1691 aut
1084 1651 1370 1705 probabiliter
1403 1666 1531 1692 even-

115 1733 225 1773 tura,
254 1723 502 1764 nolabiliter
533 1727 804 1773 commovent!
826 1721 944 1760 viros
980 1720 1231 1760 ordinariae
1257 1720 1530 1767 constantiae,

120 1808 196 1835 eos
219 1806 379 1845 nempe
401 1792 476 1844 qui
499 1804 643 1843 neque
674 1789 915 1830 timiditate
939 1801 1082 1840 neque
1105 1788 1239 1827 animi
1273 1787 1532 1828 fortitudine

118 1875 223 1915 prae
246 1861 402 1901 ceteris
428 1861 623 1912 insignes
646 1859 753 1898 sint:
777 1858 997 1909 ejusmodi
1022 1857 1140 1896 mala
1161 1863 1264 1896 sunt
1285 1870 1365 1910 vg.
1390 1871 1532 1907 mors;

117 1929 261 1982 gravis
304 1929 496 1981 corporis
538 1927 778 1975 cruciatus;
811 1939 957 1965 carcer
997 1926 1251 1975 diuturnus3
1293 1926 1533 1980 exsilium3

119 1997 297 2038 amissio
316 1997 472 2044 famae,
491 1996 682 2044 honoris,
700 1994 909 2034 notabilis
926 1994 1064 2046 partis
1081 1995 1297 2034 bonorum
1319 1994 1530 2039 fortunae,

119 2072 213 2112 etc„
249 2072 329 2106 etc.
394 2065 651 2118 Requiritur
683 2067 727 2103 2⁰
759 2069 807 2103 ut
842 2063 1008 2103 malum
1043 2063 1402 2116 apprehendatur
1434 2068 1530 2102 tan-

121 2147 256 2186 quam
279 2138 387 2172 certo
404 2139 479 2173 aut
490 2131 777 2185 probabiliter
796 2138 1047 2171 cventmmn
1065 2148 1083 2180 ,·
1116 2132 1249 2184 idque
1266 2132 1357 2171 sive
1376 2145 1530 2184 appre-

120 2202 344 2242 hendatur
382 2207 430 2240 ut
463 2201 619 2241 directe
654 2207 914 2241 eventurum
959 2202 1172 2240 metuenti
1217 2201 1310 2252 ipsi,
1348 2199 1439 2238 sive
1482 2206 1530 2239 ut

121 2269 326 2309 indirecte
344 2274 532 2317 tantum,
556 2274 776 2321 quatenus
808 2274 1067 2308 eventurum
1091 2269 1186 2308 aliis
1218 2276 1293 2308 aut
1315 2267 1529 2319 sanguine

121 2343 199 2378 aut
221 2336 415 2376 amicitia
438 2337 500 2376 ita
521 2338 558 2376 ei
582 2337 830 2389 conjunctis
853 2343 901 2376 ut
934 2336 1051 2376 mala
1073 2350 1224 2377 eorum
1248 2336 1328 2388 ipsi
1353 2336 1530 2388 propria

164 2513 175 2532 1
194 2512 244 2543 De
261 2512 312 2543 his
325 2512 391 2543 vid.
409 2512 506 2547 Viva,
526 2513 641 2552 Opusc.
666 2512 769 2543 Theol.
791 2513 914 2543 „MoraL
935 2521 962 2549 1,
984 2512 1121 2552 Quaest.
1139 2522 1170 2550 4.
1186 2517 1249 2543 art.
1265 2511 1298 2542 ii.
1315 2522 1370 2542 nn.
1391 2520 1419 2548 1,
1439 2519 1468 2542 2.
1487 2520 1505 2551 3
1521 2523 1530 2547 ;

127 2556 281 2593 Lacroix,
302 2555 378 2586 Lib.
397 2555 445 2586 iii.
463 2560 550 2596 part.
568 2563 598 2586 2.
619 2556 668 2586 Dc
687 2556 922 2591 Contractibus,
935 2567 967 2587 n.
988 2557 1064 2596 631.
