1716 2729
153 93 241 144 246
577 92 882 146 compendium
911 92 952 133 T
949 98 1140 133 metatus

152 219 267 253 quam
284 207 456 243 resistere
473 208 622 243 valeant
642 221 650 249 ;
667 220 742 242 non
762 219 911 252 semper
927 207 1038 250 enim,
1053 218 1123 241 nec
1142 206 1178 241 in
1198 218 1329 241 omnes
1349 207 1557 251 facultates,

151 255 376 299 despoticmn
410 255 607 300 imperium
648 255 762 290 habet
795 255 978 298 voluntas,
1010 254 1076 288 sed
1117 253 1320 299 aliquando
1356 255 1559 299 politicum

153 308 310 336 tantum.
361 303 438 336 Res
457 309 560 347 patet
577 313 649 346 v.g.
670 302 707 336 in
725 301 926 336 intellectu.
955 300 1121 346 [13—15.]

200 366 360 410 QUAER.
391 364 444 409 5⁰.
470 366 538 400 An
555 367 597 400 in
613 365 784 399 omnibus
807 365 1094 410 cogitationibus
1120 364 1328 399 intellectus
1352 376 1401 398 ex
1424 365 1558 398 volun-

151 416 227 446 tate
239 413 401 457 pendeat
417 414 436 446 ?

198 476 318 510 RESP.
363 475 562 520 Negative.
603 476 737 509 Prima
778 474 943 519 alicujus
984 475 1043 508 rei
1079 475 1256 518 cogitatio
1289 485 1362 508 non
1395 473 1560 518 subjacet

149 524 307 567 imperio
324 523 560 564 voluntatis;
584 523 757 557 voluntas
776 521 874 556 enim
895 533 1005 566 agere
1024 523 1176 556 omnino
1195 532 1269 555 non
1292 527 1415 565 potest
1433 521 1554 554 donec

149 570 396 614 praecesserit
425 577 530 604 actus
566 569 787 603 intellectus.
837 568 898 602 Ad
939 568 1099 613 primam
1142 567 1252 612 igitur
1289 567 1554 611 cogitationem

149 623 319 651 movetur
335 616 557 657 intellectus,
569 617 627 650 vel
640 615 856 650 immediate
870 627 892 649 a
908 616 1004 656 Deo,
1023 615 1080 649 vel
1097 627 1160 660 per
1180 626 1311 649 sensus
1342 615 1554 657 exteriores,

148 663 466 708 imaginationem,
489 663 721 705 memoriam,
741 670 810 697 etc.
863 661 1100 706 Cogitatione
1123 662 1202 707 jam
1232 661 1403 701 excitata,
1430 668 1554 706 potest

148 711 320 745 voluntas
339 711 485 744 efficere
504 718 542 744 ut
562 710 772 744 intellectus
792 721 875 743 eam
894 716 1150 754 prosequatur.
1193 708 1336 753 [16-18.]

196 774 359 818 QUAER=
394 773 446 807 60.
492 773 682 817 Quomodo
723 773 1016 817 distinguantur
1055 776 1177 806 molus
1217 784 1281 806 seu
1322 776 1438 812 actus,
1474 773 1556 806 sive

145 821 320 854 sensz'tivi
334 821 530 864 appetitus,
547 821 627 854 sive
643 820 855 854 voluntatis
867 821 886 853 ,9

193 885 311 917 RESP.
337 883 411 917 Alii
430 890 515 917 sunt
525 884 804 928 primo-pund,
823 882 884 928 qui
904 882 983 917 sine
1002 883 1076 916 ullo
1095 882 1250 927 imperio
1268 881 1470 916 voluntatis
1485 889 1545 918 aut

145 931 354 964 intellectus
374 930 645 964 deliberatione
660 930 856 964 eliciuntur
876 941 883 964 :
901 929 974 972 alii,
992 930 1290 974 secundo-prinu}
1307 930 1367 974 qui
1383 929 1544 963 oriuntur

144 985 228 1022 post
247 977 554 1011 deliberationem
575 977 831 1021 imperfectam
852 988 858 1011 :
885 976 946 1010 alii
965 976 1126 1021 denique
1151 977 1312 1016 secundi,
1338 976 1400 1021 qui
1419 977 1546 1010 volun-

144 1031 220 1058 tate
239 1025 456 1069 imperante,
476 1031 539 1058 aut
558 1025 691 1058 saltem
710 1023 981 1065 consentiente,
999 1024 1215 1058 excitantur.
1245 1022 1332 1068 [19.]

718 1127 913 1166 CAPUT
944 1128 975 1165 Ι.

434 1199 498 1232 DE
526 1199 722 1233 NOTIONE
746 1199 929 1233 ACTUUM
958 1198 1258 1233 HUMANORUM.

188 1262 348 1306 QUAER.
377 1260 424 1295 1⁰.
454 1261 559 1306 Quid
570 1262 621 1295 sit
636 1265 740 1295 actus
756 1261 945 1295 humanus
958 1262 978 1294 .?

188 1327 306 1360 RESP.
337 1324 613 1359 Praetermissis
639 1324 721 1358 aliis
748 1324 932 1364 sensibus,
958 1323 1018 1358 hic
1045 1323 1260 1369 intelligitur
1285 1329 1390 1359 actus
1406 1326 1476 1370 qni
1498 1326 1543 1359 ab

138 1372 286 1406 homine
303 1373 504 1416 p2⁷7ficitur
528 1383 610 1405 cum
628 1371 864 1405 advertentia
889 1372 1106 1415 intellectus,
1125 1382 1300 1406 consensu
1319 1373 1540 1412 voluntatis,

137 1423 173 1453 et
189 1420 371 1453 libertatis
387 1419 570 1452 e.2·ercz'tio.
618 1419 723 1452 Haec
741 1419 841 1452 enim
861 1419 988 1452 omnia
1005 1419 1052 1452 ad
1071 1419 1181 1452 libere
1205 1419 1393 1463 agendum
1419 1419 1539 1464 requi-

138 1474 286 1500 runtur:
309 1466 479 1510 jamvero
505 1473 609 1500 actus
636 1465 720 1499 ideo
746 1465 880 1499 dicitur
903 1465 1105 1503 humanus,
1133 1465 1220 1510 quia
1248 1466 1358 1499 libere
1386 1465 1450 1503 fit‚·
1478 1466 1539 1500 hic

137 1513 237 1547 enim
272 1521 328 1547 est
361 1512 497 1557 agendi
533 1513 663 1545 modus
694 1513 764 1556 qui
789 1513 972 1556 proprius
1005 1519 1060 1546 est
1094 1512 1241 1546 laomim·
1265 1512 1337 1546 “in
1356 1522 1537 1557 quantum

137 1560 250 1594 homo
277 1567 345 1603 est,
372 1567 408 1593 et
437 1559 559 1593 differt
586 1571 608 1593 a
634 1559 812 1593 creaturis
839 1558 1289 1594 irrationalibus.⁷'——Hoc
1316 1571 1429 1593 sensu
1461 1560 1536 1593 dis-

136 1606 315 1651 tinguitur
343 1611 447 1641 actus
473 1606 662 1640 lzmncznus
679 1607 726 1639 ab
745 1610 831 1639 actu
847 1606 1021 1645 lzomznis,
1051 1617 1124 1650 quo
1150 1605 1301 1640 nomine
1320 1605 1434 1640 intelli
1438 1606 1536 1650 gitur

136 1636 214 1687 velt>
230 1654 277 1694 (a)
311 1662 415 1688 actus
433 1653 553 1698 quivis
581 1652 642 1697 qui
673 1653 720 1687 ab
755 1652 907 1687 homine
940 1653 1141 1697 perficitur,
1175 1653 1233 1686 vel
1261 1652 1310 1696 (b)
1339 1660 1444 1687 actus
1472 1653 1534 1697 qui

135 1701 183 1734 ab
214 1700 365 1734 homine
393 1700 580 1744 perficitur
610 1699 716 1734 aliter
746 1707 873 1733 tamen
916 1710 1029 1744 quam
1057 1700 1120 1733 illo
1153 1699 1289 1744 agendi
1315 1700 1428 1734 modo
1454 1700 1533 1744 jam

136 1747 304 1791 exposito
323 1758 396 1792 quo
413 1754 517 1780 actus
537 1746 693 1780 efficitur
710 1746 910 1779 humanus.
941 1745 1023 1789 [20-
1010 1746 1082 1779 -26.
1088 1745 1104 1789 ]

184 1810 344 1854 QUAER.
364 1809 411 1843 2⁰.
441 1810 655 1853 Quotnplex
668 1810 718 1843 sit
733 1813 838 1843 actus
854 1809 1044 1842 humanus
1055 1810 1074 1843 ?

182 1873 301 1907 RESP.
330 1873 399 1907 Est
422 1872 454 1906 1⁰
483 1873 638 1915 cli'‚cztus
670 1871 732 1917 qui
763 1871 800 1905 in
829 1872 911 1917 ipsa
928 1873 1120 1906 voluntate
1139 1879 1448 1915 consummatur3
1473 1876 1531 1909 vel

132 1921 351 1964 tmperatus,
381 1919 454 1964 qui,
486 1919 694 1964 imperante
723 1919 926 1961 voluntate,
952 1919 1140 1964 perficitur
1169 1921 1216 1954 ab
1244 1920 1318 1955 alia
1345 1922 1531 1956 facultate.

137 1966 249 2010 [27‚1

180 2029 216 2063 2⁰
243 2030 430 2072 lnternus,
450 2030 511 2074 qui
531 2029 685 2064 internis
703 2029 817 2064 animi
836 2030 1013 2074 potentiis
1031 2031 1218 2075 perficitur
1235 2042 1243 2072 ς
1270 2033 1328 2066 vel
1355 2037 1531 2067 externus

131 2088 197 2111 seu
217 2078 369 2115 mixtus,
387 2088 498 2121 quem
512 2077 683 2110 voluntas
698 2088 773 2110 non
785 2077 927 2121 perficit
946 2077 1015 2111 nisi
1035 2089 1101 2122 per
1119 2078 1283 2121 corporis
1302 2080 1530 2114 membra.—

132 2125 195 2158 Sic
213 2123 415 2168 aliquando
435 2123 710 2166 distinguuntur
727 2129 832 2157 actus
849 2130 884 2158 et
902 2126 1008 2158 actio.
1039 2125 1112 2168 [27‚
1133 2132 1181 2158 2⁰.

241 2171 371 2203 Bonus
389 2182 452 2204 seu
470 2153 654 2205 lmnbstns.
669 2170 729 2215 qui
749 2170 906 2214 positive
918 2171 1118 2206 conformis
1133 2181 1188 2206 est
1201 2173 1338 2217 regulis
1356 2185 1524 2208 morum·
1518 2200 1525 2213 ,

131 2181 254 2251 7na3lus
272 2229 337 2251 seu
355 2217 580 2259 iunonem-,lus
599 2217 659 2261 qui
688 2217 819 2252 iisdem
838 2225 1041 2262 repugnat3
1068 2219 1127 2252 iel
1151 2219 1376 2263 zndiffi’renS,
1395 2221 1457 2266 qui
1484 2221 1527 2255 iis

129 2276 199 2298 nec
218 2263 375 2308 positive
394 2264 593 2297 conformis
612 2271 678 2306 est,
706 2275 776 2298 nec
801 2271 927 2299 tamen
953 2272 1145 2310 repugnat.
1149 2267 1313 2300 —Actus
1331 2267 1450 2301 bonus
1469 2269 1527 2302 vel

130 2311 345 2415 {ndifierffns
380 2310 513 2344 dicitur
554 2311 713 2345 li'cztns:
754 2318 858 2345 actus
900 2323 988 2346 vero
1030 2313 1151 2346 malus
1193 2312 1327 2347 dicitur
1359 2315 1526 2349 i'llzcitus.

152 2366 207 2401 27,
229 2362 264 2379 ‘⁵⁰

175 2406 212 2446 4
239 2405 453 2444 Λιιίιιναίῑζς,
488 2404 549 2448 qui
583 2404 672 2438 solis
705 2404 844 2438 viribus
877 2412 1032 2439 naturae
1067 2405 1273 2450 perficitur·
1267 2434 1274 2448 ‚
1310 2408 1368 2441 vel
1395 2411 1524 2453 supe)-

129 2456 247 2484 natm
247 2459 330 2486 alls
352 2451 412 2495 qui
433 2451 621 2495 perficitur
639 2451 773 2485 auxilio
791 2452 934 2496 gratiae
953 2452 1111 2487 divinae.
1142 2453 1214 2497 [27,
1234 2453 1304 2498 40.]

179 2497 212 2541 5⁰
248 2498 411 2537 Validns,
453 2498 509 2531 cui
554 2497 677 2531 insunt
718 2499 847 2533 omnia
888 2510 984 2544 quae
1018 2501 1066 2533 ad
1107 2499 1186 2543 ejus
1229 2501 1402 2535 effectum
1436 2508 1521 2536 sunt

128 2544 342 2579 essentialia
361 2557 369 2586 ;
396 2545 453 2579 vel
471 2545 676 2585 invalzdus,
695 2544 756 2589 qui
775 2545 832 2579 vel
850 2556 924 2579 uno
943 2557 987 2580 ex
1005 2546 1048 2580 iis
1067 2554 1177 2582 caret.
1212 2546 1285 2592 [27‚
1316 2546 1380 2593 50.]
