1716 2729
180 137 204 166 2
215 137 229 166 1
240 136 263 165 2
771 121 998 162 Tractatus
1410 121 1503 174 [GU
1511 132 1591 172 ΚΥ,

177 241 360 283 evidens
390 239 594 282 videatur
616 252 705 279 non
729 238 828 278 ideo
851 238 936 278 dici
960 251 1092 291 posse
1113 242 1263 278 actum
1298 236 1376 276 “in
1399 236 1587 290 gloriam

179 311 266 352 Dei
287 307 421 358 fieri‚’'
445 308 548 362 quia
571 307 647 348 fiat
670 307 728 348 ob
751 306 884 347 finem
908 313 1083 347 tantum
1103 304 1374 348 sensibilem.
1428 306 1590 359 Neque

175 385 329 420 tamen
352 376 619 418 Thomistae
651 376 815 416 docent
846 374 903 415 ad
935 373 1299 415 satisfaciendum
1332 373 1433 415 huic
1465 388 1590 428 prae-

176 453 307 501 cepto
330 446 489 500 requiri
512 451 561 487 ut
583 458 720 498 agens
751 442 941 496 explicite
963 443 1018 483 de
1042 443 1141 484 Deo
1164 443 1330 496 cogitet
1349 458 1359 482 z
1392 443 1593 484 fatentur

174 517 293 558 enim
317 521 558 569 praecepto
581 512 784 554 satisfieri
816 512 852 551 si
884 512 1001 553 actio
1033 511 1110 552 fiat
1143 511 1201 552 ob
1233 511 1428 564 aliquem
1451 511 1585 553 finem

174 586 443 635 honestum;
488 585 662 636 “quum
698 581 815 622 enim
853 583 914 633 (a)
943 594 1078 634 opera
1109 580 1334 621 moraliter
1361 580 1479 621 bona
1510 594 1592 634 per

174 668 221 694 se
263 655 306 694 in
349 653 535 706 gloriam
580 651 665 692 Dei
706 651 908 700 tendant,
945 649 988 690 in
1031 656 1250 704 quantum
1292 649 1494 690 homines
1536 664 1589 691 ea

173 722 375 763 videntes
411 719 556 761 Deum
595 718 858 773 glorificant,
890 724 1025 771 atque
1057 719 1113 759 ad
1146 717 1307 759 similia
1338 719 1590 760 exercenda

175 790 443 838 excitantur,
478 787 606 841 [ideo,
640 787 714 840 qui
746 786 855 827 talia
885 800 1020 839 opera
1052 784 1207 842 faciat]
1234 792 1437 827 censetur
1457 787 1595 828 inter-

175 858 394 912 pretative
416 857 529 898 velle
551 855 739 910 gloriam
773 856 871 905 Dei,
893 855 1035 904 sicuti,
1056 855 1130 908 qui
1163 862 1320 909 peccat
1343 856 1591 897 mortaliter

173 933 378 968 censetur
410 925 745 980 interpretative
776 924 888 965 velle
922 925 1007 965 Dei
1040 924 1315 965 inimicitiam
1339 931 1382 966 et
1404 925 1594 966 damna-

173 996 341 1037 tionem
376 1002 617 1036 aeternam.
682 993 860 1034 Deinde
895 993 955 1047 (b)
990 1007 1129 1047 quum
1167 994 1292 1034 Deus
1325 994 1382 1034 sit
1414 994 1512 1034 fons
1544 1000 1590 1035 et

173 1065 298 1119 origo
320 1065 465 1105 omnis
486 1064 746 1112 honestatis,
768 1076 901 1103 omne
919 1076 1030 1116 opus
1053 1062 1290 1103 honestum
1309 1063 1364 1103 de
1381 1076 1428 1103 se
1445 1063 1591 1104 tendit

173 1134 217 1174 in
258 1134 419 1182 Deum,
458 1133 586 1174 sicuti
634 1132 785 1172 omnia
821 1131 1008 1172 flumina
1045 1136 1325 1171 revertuntur
1359 1131 1417 1172 ad
1452 1145 1589 1182 mare,

171 1203 290 1243 unde
334 1203 548 1243 oriuntur.
621 1201 855 1241 Praeterea
888 1200 942 1253 (c)
974 1199 1049 1252 qui
1084 1199 1188 1239 facit
1220 1213 1333 1252 opus
1366 1200 1592 1241 moraliter

173 1274 353 1322 bonum,
378 1271 590 1325 implicite
625 1269 732 1310 illud
766 1269 871 1309 facit
904 1275 1086 1323 propter
1118 1268 1280 1317 Deum,
1304 1269 1347 1309 in
1371 1275 1589 1322 quantum

171 1341 278 1382 illud
319 1340 424 1382 facit
465 1344 646 1393 propter
690 1337 1049 1378 conformitatem
1093 1350 1195 1377 cum
1232 1344 1353 1379 recta
1391 1338 1587 1388 ratione;

174 1410 278 1463 quia
317 1409 425 1449 illud
463 1407 668 1448 faciendo
711 1411 892 1459 propter
933 1404 1290 1446 conformitatem
1333 1419 1433 1446 cum
1472 1412 1592 1447 recta

173 1479 358 1527 ratione,
389 1476 603 1530 implicite
635 1475 741 1517 facit
773 1480 953 1528 propter
985 1474 1344 1515 conformitatem
1369 1488 1469 1515 cum
1492 1474 1590 1528 lege

106 1574 113 1583 x
174 1554 367 1595 aeterna,
410 1546 600 1598 ideoque
645 1543 858 1597 implicite
908 1548 1090 1596 propter
1131 1543 1292 1593 Deum,
1334 1557 1470 1596 quum
1514 1543 1590 1584 lex

174 1622 357 1657 aeterna
379 1615 436 1655 sit
461 1610 639 1654 Deus.''1

231 1715 328 1756 616.
362 1714 696 1756 ARGUMENTA
713 1712 1082 1754 Sco‘sisTARUM.
1142 1712 1374 1754 Hactenus
1392 1714 1448 1754 de
1462 1727 1592 1768 argu-

175 1784 336 1824 mentis
358 1782 708 1823 Thomistarum.
773 1781 847 1820 Ex
880 1780 1019 1821 altera
1050 1785 1177 1833 parte
1209 1781 1454 1834 suscipiunt
1481 1783 1590 1825 Sco-

173 1853 306 1894 tistae
349 1852 619 1893 sententiam
668 1863 795 1891 suam
845 1848 1089 1889 rationibus
1138 1848 1337 1902 pluribus
1380 1851 1596 1902 stabilire,

175 1921 435 1976 praesertim
472 1919 653 1973 quidem
689 1917 969 1959 ostendendo
991 1924 1258 1971 argumenta
1290 1919 1449 1972 quibus
1479 1921 1592 1962 inni-

174 1997 330 2031 tuntur
351 1989 613 2030 Thomistae
636 1988 757 2028 omni
781 2000 958 2040 prorsus
982 1986 1139 2027 robore
1161 2001 1324 2029 carere.

231 2060 333 2111 617.
365 2059 523 2111 Neque
590 2057 862 2097 censendum
931 2061 996 2096 est
1062 2055 1176 2096 hanc
1244 2060 1588 2110 argumentandi

173 2129 390 2169 rationem
407 2126 625 2180 ejusmodi
648 2131 825 2166 tantum
849 2138 944 2165 esse
961 2137 1096 2178 quam
1121 2125 1375 2178 negativam
1399 2134 1560 2169 vocant
1578 2142 1593 2179 ;,

175 2197 340 2238 etenim
358 2195 575 2249 obligatio
593 2195 649 2235 de
667 2208 755 2248 qua
772 2193 843 2234 hic
865 2193 1011 2247 agitur
1032 2193 1131 2234 talis
1155 2193 1352 2247 profecto
1370 2201 1437 2236 est
1453 2210 1588 2249 quam

174 2266 341 2306 censeri
365 2269 558 2318 nequeat
581 2263 730 2303 Deum
762 2261 1017 2302 hominibus
1049 2261 1313 2316 imposuisse
1335 2264 1440 2317 quin
1462 2271 1588 2306 tanto

177 2335 398 2375 rationum
429 2332 594 2374 lumine
626 2344 725 2372 eam
759 2330 1061 2371 manifestaret
1093 2337 1142 2371 ut
1174 2345 1241 2372 res
1272 2331 1463 2373 dilucide
1485 2348 1591 2374 con-

178 2409 326 2452 staret,
362 2403 396 2442 si
440 2415 528 2442 non
566 2400 773 2440 omnibus
812 2398 994 2439 omnino
1032 2398 1301 2449 hominibus,
1338 2400 1498 2441 saltem
1536 2401 1590 2442 iis

218 2512 357 2546 1Perin,
395 2511 452 2542 Tr.
486 2511 524 2542 de
550 2511 624 2542 Act.
656 2509 844 2546 Humanis,
875 2508 1015 2548 Quaest.
1048 2516 1077 2539 Ι.
1106 2513 1169 2540 art.
1198 2510 1244 2540 iv.
1270 2510 1286 2547 ἓ
1313 2517 1347 2549 3,
1376 2509 1457 2540 Vid.
1486 2509 1588 2541 etiam

175 2556 327 2594 Billuart,
353 2555 544 2587 Tr-deAct.
562 2551 1020 2591 Humanis,Diss.6-art.43
1050 2552 1175 2590 Alasia,
1202 2553 1256 2584 Tr.
1272 2553 1390 2584 deAct.
1403 2553 1591 2590 Humanis,

173 2600 265 2632 Diss.
287 2608 315 2631 1.
334 2609 406 2640 cap.
425 2604 456 2640 5.
474 2603 538 2630 art.
559 2606 588 2628 1.
607 2596 671 2637 ἓὸ.
