1716 2729
181 124 265 176 248
603 123 901 178 compendium
930 124 970 165 T
968 130 1157 166 ractatus

181 238 368 284 agricola:
395 243 435 273 2⁰
461 248 484 273 a
508 239 718 284 spontanea,
736 238 837 284 quod
864 238 1058 284 provenire
1086 245 1209 283 potest
1236 238 1314 273 sive
1333 250 1355 273 a
1372 239 1572 284 voluntate,

181 285 260 320 sive
289 286 338 321 ab
367 285 534 331 appetitu
564 285 753 328 sensitivo,
772 286 849 321 sive
876 286 924 320 ab
952 286 1025 321 alia
1052 286 1182 331 quavis
1211 286 1387 320 facultate
1418 286 1573 321 interna.

180 331 334 379 [39-41-]

228 434 294 468 Ex
310 441 446 469 DICTIS
465 441 681 477 RESOLVES,
705 440 740 468 10
767 435 854 469 Non
869 445 952 469 esse
967 434 1222 478 voluntariam,
1235 446 1356 480 neque
1371 434 1408 468 in
1426 434 1575 479 culpam

180 480 355 526 imputari
388 492 512 526 posse,
545 481 881 526 transgressionem
915 482 1102 526 praecepti
1140 482 1187 515 ad
1230 482 1330 526 quod
1359 493 1476 526 agens
1499 492 1574 515 non

181 527 352 563 advertit.
403 529 486 562 Nec
521 528 654 562 sufficit
688 528 932 572 advertentia,
967 540 1080 574 quam
1113 535 1261 570 vocant,
1295 529 1476 562 virtualis
1509 539 1574 562 seu

179 575 476 620 interpretativa.
503 572 575 619 [42,
598 573 661 620 10.]

228 621 264 655 2⁰
289 622 426 656 Actum
445 632 527 656 esse
546 628 691 656 tantum
709 622 1072 663 semivoluntarium,
1089 622 1121 656 si
1146 622 1347 667 semiplena
1364 627 1510 656 tantum
1527 621 1575 656 sit

180 667 389 703 intellectus
407 668 649 703 advertentia.
678 667 748 714 [21,
769 666 833 713 20].

235 715 271 758 3⁰
309 716 415 750 Idem
457 714 659 750 dicendum
699 726 783 750 esse
824 715 871 750 de
903 716 1112 760 imperfi’cto
1152 726 1327 750 consensu
1367 715 1576 750 voluntatis

183 759 259 805 [422
285 760 352 808 3⁰·]

632 867 652 914 ἓ
684 881 720 906 2.
749 869 815 906 De
841 868 1126 906 Involuntario.

230 962 391 1007 QUAER.
422 968 460 999 1⁰.
499 963 604 1007 Quid
616 963 667 997 sit
682 963 987 997 involuntarium
1002 963 1021 996 ?

230 1026 348 1064 RESP.
377 1026 497 1060 Sensu
526 1027 652 1059 minus
679 1027 819 1065 stricto,
846 1032 902 1060 est
930 1025 1032 1059 illud
1045 1036 1149 1059 omne
1165 1025 1268 1070 quod
1287 1035 1361 1059 non
1376 1028 1432 1059 est
1446 1025 1578 1059 volun-

125 1109 132 1119 θ
180 1074 354 1107 tarium:
391 1072 491 1117 quod
526 1073 622 1106 sumi
655 1079 779 1117 potest
813 1081 874 1106 aut
909 1073 1092 1116 negative,
1129 1079 1166 1106 ut
1208 1071 1390 1115 significet
1432 1078 1578 1106 tantum

179 1119 385 1153 absentiam
404 1119 612 1159 voluntarii,
638 1126 677 1154 ut
695 1131 767 1163 vg.
787 1118 824 1153 in
842 1119 965 1163 lapide
982 1132 990 1160 ;
1016 1125 1079 1153 aut
1100 1120 1312 1163 privative,
1329 1125 1369 1152 ut
1395 1118 1578 1162 significet

179 1166 382 1200 absentiam
400 1165 596 1200 voluntarii
623 1167 664 1200 in
688 1167 846 1211 subjecto
863 1167 999 1210 capaci,
1027 1172 1066 1200 ut
1092 1177 1160 1208 vg.
1181 1165 1216 1198 in
1245 1165 1405 1199 homine.
1457 1165 1579 1200 Sensu

181 1214 378 1254 strictiore,
397 1224 470 1257 quo
482 1214 646 1257 positive
663 1224 729 1247 seu
746 1214 933 1247 contrarie
951 1213 1119 1253 sumitur,
1137 1219 1193 1246 est
1211 1212 1254 1246 id
1275 1212 1376 1257 quod
1389 1213 1584 1247 voluntati

177 1260 413 1294 adversatur.
444 1259 517 1304 [43‚
535 1258 608 1304 44]

226 1323 386 1367 QUAER.
429 1329 478 1357 20.
533 1323 748 1367 Quotuplex
785 1323 837 1358 sit
886 1323 1195 1357 involuntarium
1244 1323 1428 1356 strictiore
1466 1332 1576 1356 sensu

176 1372 368 1414 sumptum
383 1370 403 1403 ?

226 1433 344 1467 RESP.
372 1433 442 1466 Est
472 1432 766 1467 involuntarium
795 1433 1028 1478 simpliciter,
1046 1432 1146 1478 quod
1176 1432 1330 1466 omnino
1359 1432 1578 1467 adversatur

177 1479 377 1513 voluntatis
406 1479 718 1523 determinationi,
739 1479 816 1514 sive
845 1479 981 1514 actuali
1010 1480 1087 1514 sive
1117 1478 1429 1524 interpretativae,
1448 1485 1487 1513 ut
1505 1490 1574 1522 vg.

178 1525 214 1559 in
233 1537 278 1560 eo
296 1537 408 1571 quem
426 1526 635 1571 exspoliant
654 1527 826 1570 latrones,
847 1533 910 1561 aut
928 1526 965 1560 in
984 1538 1028 1560 eo
1042 1527 1144 1571 cujus
1164 1537 1340 1560 crumena
1358 1525 1575 1570 surripitur3

177 1573 237 1607 vel
268 1573 466 1607 secundum
496 1573 597 1618 quid,
629 1573 730 1618 quod
748 1574 920 1608 voluntas
948 1573 1099 1618 quidem
1128 1573 1376 1617 amplectitur,
1404 1573 1471 1607 sed
1500 1584 1577 1607 non

179 1619 260 1654 sine
280 1620 443 1665 quadam
461 1620 669 1663 renitentia,
690 1626 729 1654 ut
746 1631 815 1665 v.g.
836 1620 872 1654 in
892 1627 1110 1663 mercatore,
1129 1626 1314 1664 apostata,
1332 1625 1400 1654 etc.
1420 1617 1575 1664 [45-47.]

540 1769 560 1816 ἓ
592 1772 627 1809 3.
657 1761 722 1798 De
748 1761 954 1799 Divisione
992 1761 1220 1799 Voluntarii.

223 1853 385 1898 QUAER.
413 1853 627 1899 Quotuplex
639 1855 690 1888 sit
706 1855 966 1889 voluntarium
981 1856 1000 1889 ?

222 1916 340 1950 RESP.
369 1917 439 1951 Est
460 1919 495 1950 1⁰
521 1918 685 1951 elicitum
715 1918 772 1952 vel
801 1919 1026 1962 imperatum
1041 1930 1055 1952 .·
1079 1929 1174 1963 quae
1201 1917 1335 1953 divisio
1354 1918 1444 1953 satis
1463 1930 1575 1965 supra

175 1963 346 2007 exposita
364 1970 429 1997 est.
459 1962 533 2006 [48,
550 1963 625 2007 49.]

224 2014 262 2043 20
286 2009 474 2050 Liberum,
505 2009 534 2043 si
571 2011 754 2053 voluntas,
788 2010 919 2055 positis
953 2010 1126 2046 omnibus
1160 2013 1207 2046 ad
1246 2012 1433 2056 agendum
1466 2024 1574 2057 prae-

176 2055 376 2101 requisitis,
394 2056 512 2100 possit
539 2068 648 2101 agere
667 2059 724 2091 vel
742 2069 817 2092 non
835 2069 945 2101 agere
965 2071 972 2099 ;
999 2070 1105 2092 secus
1122 2065 1177 2093 est
1196 2060 1443 2093 necessarium
1477 2059 1574 2104 [50].

224 2112 262 2146 30
287 2104 436 2137 Puram
465 2103 549 2146 (seu
579 2104 770 2148 plenum),
804 2104 834 2138 si
867 2106 1006 2139 nullam
1034 2117 1158 2139 secum
1190 2106 1427 2150 conjunctam
1459 2107 1574 2142 habet

174 2149 409 2184 renitentiam
427 2163 435 2192 ;
454 2161 561 2184 secus
579 2157 635 2185 est
652 2152 812 2184 mzbctum
832 2151 915 2193 (seu
933 2163 1006 2185 non
1017 2151 1198 2196 plenum).
1230 2151 1323 2196 [51.]

221 2196 261 2238 4Ο
288 2197 497 2241 Perfectum
526 2197 583 2231 vel
613 2198 891 2242 imperfectiori:
915 2210 1010 2242 quae
1036 2199 1179 2241 divisio,
1199 2210 1313 2243 quum
1339 2199 1576 2244 distinguitur

173 2255 196 2277 a
223 2249 274 2283 2²³¹,
300 2249 336 2277 et
367 2249 416 2286 3²³¹,
446 2243 497 2277 ita
531 2243 686 2277 sumitur
715 2251 752 2278 ut
776 2245 980 2289 pe7sectum
1014 2246 1157 2279 dicatur
1189 2247 1438 2280 voluntarium
1471 2245 1573 2291 quod

174 2289 344 2334 provenit
370 2301 415 2324 ex
439 2291 551 2335 plena
576 2290 783 2324 intellectus
802 2292 1043 2334 advertentia‚
1062 2299 1174 2337 atque
1192 2304 1236 2327 ex
1260 2293 1371 2337 pleno
1389 2304 1574 2328 consensu

174 2336 374 2371 voluntatis
393 2350 400 2378 ;
419 2348 526 2371 secus
544 2337 687 2371 dicatur
703 2339 966 2382 imperfectum.
996 2338 1154 2383 [52-55.]

229 2383 262 2426 5⁰
290 2384 524 2428 Simpliciter
553 2384 612 2418 vel
640 2385 839 2418 secundum
869 2385 987 2429 quid:
1012 2397 1107 2430 quae
1135 2385 1280 2426 divisio,
1298 2397 1412 2431 quum
1442 2385 1574 2421 distin-

172 2430 296 2474 guitur
313 2441 335 2464 a
355 2436 406 2474 3³,
426 2431 478 2465 ita
495 2430 650 2465 sumitur
667 2437 705 2464 ut
729 2432 950 2475 simpliciter
964 2433 1213 2466 voluntarium
1238 2433 1382 2467 dicatur
1406 2432 1445 2466 id
1462 2444 1574 2467 omne

175 2477 274 2520 quod
308 2477 431 2521 reipsa
463 2477 712 2512 voluntarium
745 2484 812 2520 est,
843 2478 1092 2512 voluntarium
1120 2491 1208 2514 vero
1248 2480 1447 2513 secandum
1481 2480 1579 2524 quid

176 2523 322 2557 dicatur
340 2523 510 2558 inefficax
540 2523 740 2558 voluntatis
769 2524 969 2568 inclinatio,
989 2536 1084 2570 quae
1110 2537 1195 2560 cum
1219 2527 1441 2571 simpliciter
1464 2526 1573 2561 invo-

172 2570 341 2604 luntario
359 2582 441 2606 esse
459 2577 590 2616 potest.
623 2570 786 2615 [56-·53.]
