1716 2729
103 93 142 120 n.
166 78 246 132 13.]
528 79 579 118 de
598 77 780 118 Actibus
800 78 1041 119 Humanis.
1450 86 1503 129 95

103 193 330 243 vincibilis,
346 194 570 246 agendum
593 200 659 233 est
677 195 732 234 de
755 194 841 233 alia
863 193 1078 233 divisione
1099 207 1233 245 quam
1266 193 1358 234 TT.
1392 207 1512 234 com-

103 264 306 312 muniter,
336 261 378 303 S.
420 262 644 301 Thornam
680 262 832 310 secuti,
874 262 1144 314 tripartitam
1186 263 1382 312 tradunt,
1426 263 1514 303 dis-

102 333 355 385 tinguentes
390 329 686 383 ignorantiam
722 328 1040 376 antecedentem‚
1077 330 1432 380 concomitantem,
1469 337 1513 371 et

100 405 422 453 consequentem.
485 397 613 450 Quae
648 405 798 438 tamen
841 398 1062 450 tripartita
1103 398 1273 445 divisio,
1308 405 1355 438 ut
1388 405 1514 438 notat

104 467 363 517 Suaresius,1
384 467 597 520 explicari
616 467 751 507 debet
768 480 844 519 per
862 467 972 507 duas
995 466 1233 506 divisiones
1255 466 1486 519 bipartitas
1504 485 1512 509 :

103 540 215 580 adeo
257 543 305 578 ut
338 537 482 589 primo
516 536 740 576 dividatur
776 537 1027 588 ignorantia
1060 537 1102 575 in
1134 536 1442 576 antecedentem
1471 544 1525 578 et*

99 612 423 659 consequentem,
456 606 618 645 deinde
656 606 699 645 in
737 606 1043 646 antecedentem
1077 612 1122 646 et
1162 605 1515 646 concomitantem.

104 677 285 717 Etenim
318 689 449 715 sensu
485 675 668 714 omnino
711 675 885 715 diverso
920 675 1110 715 sumitur
1139 688 1230 714 vox
1259 675 1517 724 antecedens,

103 750 233 798 prout
269 744 332 784 sic
367 743 609 796 opponitur
642 743 911 796 consequenti
940 750 1017 784 aut
1049 743 1374 792 concomz'tantz',·
1408 744 1517 785 rela-

102 814 245 854 tivum
268 812 385 852 enim
407 811 545 851 habet
568 825 758 861 sensum,
780 818 917 864 atque
939 812 1049 851 alius
1072 813 1261 852 sumitur
1292 813 1517 854 relationis

104 881 318 922 terminus
341 880 384 918 in
407 879 553 932 priore
576 885 620 919 et
645 879 688 918 in
713 879 851 919 altera
881 880 1109 920 divisione.

166 959 259 1000 240.
295 948 454 1000 Itaque
474 948 727 1000 ignorantia
745 954 812 988 est
833 953 880 999 40
901 949 1148 988 antecedens
1162 949 1231 988 vel
1248 954 1522 1003 consequens.2

104 1016 380 1064 Antecedens,
404 1029 535 1055 sensu
559 1015 690 1068 hujus
713 1016 959 1066 divisionis,
984 1030 1036 1056 ea
1059 1023 1125 1057 est
1151 1031 1265 1070 quae
1298 1032 1442 1071 neque
1473 1019 1520 1058 z'n

106 1099 159 1134 se,
181 1098 324 1137 neque
347 1085 392 1123 in
415 1097 556 1132 causa,
587 1092 654 1122 est
685 1083 964 1124 voluntaria:
1002 1098 1116 1137 quae
1149 1086 1248 1126 ideo
1279 1087 1522 1127 antecedens

108 1153 268 1194 dicitur
288 1153 393 1205 quia
415 1165 594 1191 omnem
618 1152 862 1192 voluntatis
885 1159 1035 1193 actum
1069 1156 1294 1195 antecedit
1316 1170 1368 1196 eo
1391 1169 1521 1196 sensu

109 1223 230 1275 quod
254 1222 310 1261 ab
333 1227 434 1261 actu
458 1219 714 1272 hujusmodi
738 1234 826 1261 non
849 1222 1062 1274 provenit.
1129 1223 1390 1276 Consequens
1419 1238 1523 1264 vero

111 1289 363 1343 ignorantia
385 1289 546 1328 dicitur
567 1301 683 1340 quae
703 1288 946 1330 voluntatis
976 1297 1125 1331 actum
1157 1292 1441 1345 subsequitur
1472 1306 1523 1332 eo

113 1373 242 1399 sensu
281 1358 416 1411 quod,
451 1358 519 1398 vel
554 1357 598 1397 in
629 1371 672 1397 se
703 1358 772 1398 vel
800 1358 844 1398 in
869 1373 1013 1408 cansa,
1035 1360 1284 1401 voluntaria
1306 1368 1385 1402 est.
1450 1362 1524 1403 Sic

113 1429 157 1470 S.
199 1428 426 1468 Thomas:
480 1426 828 1467 “Antecedenter
865 1442 911 1468 se
952 1429 1087 1470 habet
1129 1431 1185 1470 ad
1227 1430 1525 1471 voluntarium

113 1496 365 1549 ignorantia
387 1497 570 1548 quando
593 1509 675 1535 non
697 1503 761 1536 est
779 1497 1040 1547 voluntaria,
1091 1532 1098 1539 .
1152 1530 1160 1539 .
1224 1499 1530 1553 Consequenter

110 1571 264 1606 autem
287 1578 334 1604 se
356 1565 491 1604 habet
514 1565 557 1604 in
587 1571 805 1616 quantum
840 1567 1092 1619 ignorantia
1123 1574 1190 1608 est
1223 1566 1527 1610 voluntarz'a.’'3

174 1645 271 1685 241.
306 1634 484 1674 Deinde
506 1639 572 1673 est
597 1636 642 1685 5Ο
662 1634 901 1675 antecedens
930 1635 998 1676 vel
1027 1637 1335 1678 concomitans:
1367 1652 1456 1689 seu,
1479 1646 1527 1680 ut

114 1703 210 1745 TT.
232 1703 475 1756 aliquando
497 1701 766 1756 loquuntur,4
788 1711 854 1745 est
877 1704 963 1744 alia
985 1719 1100 1758 quae
1127 1713 1194 1746 est
1224 1721 1353 1747 causa
1384 1709 1530 1760 operis,

117 1775 203 1815 alia
243 1788 358 1827 quae
399 1787 481 1814 non
523 1780 591 1814 est
624 1787 754 1814 causa
783 1774 929 1827 operis.
1013 1774 1173 1828 Neque
1205 1776 1324 1816 enim
1366 1776 1408 1816 in
1445 1776 1528 1818 hac

114 1842 333 1884 divisione
354 1841 569 1882 terminus
592 1843 950 1895 comparationis,
974 1850 1022 1883 ut
1053 1857 1186 1896 supra
1220 1842 1280 1898 (n.
1306 1843 1440 1896 240),
1462 1851 1530 1885 est

119 1917 243 1952 actus
264 1911 521 1959 voluntatis,
552 1925 684 1964 quem
724 1911 977 1964 ignorantia
1010 1913 1246 1953 antecedat
1278 1913 1346 1953 vel
1379 1914 1530 1953 subse-

120 1986 292 2034 quatur,
314 1981 390 2020 sed
413 1986 480 2020 est
509 1993 621 2033 opus
654 1980 774 2032 quod
807 1980 864 2020 ab
896 1980 1130 2033 ignorante
1163 1980 1350 2022 efficitur
1381 1982 1449 2022 vel
1483 1995 1533 2021 ex

121 2048 380 2102 zgrnorantz'a,
410 2054 458 2089 ut
492 2049 627 2097 aiunt,
658 2048 728 2088 vel
759 2062 853 2088 cum
887 2048 1151 2101 zgrnorantz'a.
1216 2049 1375 2103 Itaque
1407 2050 1531 2102 igno-

123 2118 278 2167 rantia,
309 2118 365 2157 ad
403 2131 582 2158 sensum
619 2116 752 2169 hujus
784 2117 1028 2168 divisionis,
1053 2119 1298 2165 antecedens
1318 2133 1394 2159 seu
1425 2132 1535 2171 quae

123 2187 202 2226 dat
234 2200 409 2226 causam
445 2186 582 2238 operis
617 2199 669 2226 ea
707 2192 774 2226 est
818 2199 932 2239 quae
966 2187 1047 2227 nisi
1080 2188 1268 2237 adesset,
1299 2201 1411 2240 opus
1443 2201 1530 2227 non

123 2254 397 2304 efficeretur3
428 2253 682 2306 hujusmodi
706 2268 788 2307 v.g.
821 2261 888 2294 est
920 2255 1172 2308 ignorantia
1202 2256 1424 2296 venatoris
1457 2256 1532 2309 qui

387 2413 397 2433 ¹
417 2416 525 2446 Tract.
545 2416 583 2445 de
601 2416 802 2453 Voluntario‚
825 2416 922 2457 Disp.
941 2425 972 2454 4.
992 2423 1073 2447 sect.
1093 2416 1114 2446 i.
1132 2427 1164 2446 ιι.
1183 2426 1214 2454 4.

387 2459 400 2479 2
415 2459 490 2489 Vid.
511 2459 694 2499 Laymann,
716 2459 790 2489 Lib.
813 2467 841 2489 1.
861 2464 955 2490 tract.
973 2459 1005 2490 ii.
1026 2470 1098 2500 cap.
1120 2460 1164 2490 iv.
1184 2471 1215 2490 n.
1238 2470 1266 2498 4.

387 2502 565 2539 38umma,
590 2511 615 2535 1.
637 2511 667 2532 2.
695 2502 833 2542 Quaest.
853 2502 882 2534 6.
904 2509 965 2533 art.
979 2502 1008 2534 8.

389 2546 401 2565 ⁴
416 2545 471 2577 Sic
487 2555 555 2586 v.g.
574 2545 757 2586 Laymann,
778 2546 856 2578 ibid.
876 2557 909 2577 n.
930 2554 958 2585 3.
