1716 2729
76 119 115 145 n.
139 105 225 159 20.]
534 107 585 147 de
604 106 787 147 Actibus
809 106 1043 147 Humanis.
1402 121 1415 148 1
1428 116 1476 160 33

76 221 154 270 nis,
188 235 276 261 non
318 235 447 274 posse
487 229 636 262 tamen
678 222 847 263 efficere
888 224 1195 276 repugnantia.
1276 226 1485 278 Jamvero

78 297 295 344 repugnat
308 290 564 331 violentiam
582 290 727 332 inferri
744 291 962 332 voluntati
979 293 1126 344 quoad
1145 299 1268 333 actus
1287 295 1454 335 elicitos
1475 310 1484 345 ;

77 359 272 412 alioquin
295 359 425 400 simul
461 359 594 400 vellet
628 367 671 401 et
704 360 852 409 nollet,
886 368 933 401 ut
966 368 1192 402 ostensum
1225 370 1301 402 est.
1365 365 1485 417 Ergo

79 434 228 482 potest
265 429 387 468 Deus
424 428 633 469 inclinare
666 429 943 470 voluntatem
976 444 1240 484 quocunque
1270 433 1376 481 vult,
1398 447 1486 474 non

80 498 320 546 coactione,
357 510 471 549 quae
504 498 846 550 repugnantiam
870 499 1072 550 includit,
1108 503 1183 541 sed
1208 501 1488 543 immutando

81 580 190 616 eam,
232 571 366 618 atque
408 566 468 606 sic
511 566 742 607 efficiendo
785 574 832 608 ut
869 567 962 619 jam
1009 569 1113 609 velit
1155 571 1274 623 quod
1312 570 1489 611 nolebat

79 639 245 680 antea.''

99 816 102 819 ἱ
143 775 164 816 3
173 774 191 816 5
202 775 239 817 5.
274 763 613 818 Principium
664 765 908 820 II.—Cog2?
957 774 1099 806 tamea·
1139 772 1321 818 possunt
1372 771 1492 804 actus

82 834 275 875 aliarum
296 835 595 888 potentiarum
617 850 725 889 quae
746 837 984 877 voluntatis
1015 836 1190 887 imperio
1211 834 1464 875 subduntur.

143 907 240 956 356.
274 904 424 958 Quum
448 905 565 945 enirn
588 912 713 946 actus
736 905 764 945 ii
797 919 884 945 non
908 904 1015 944 fiant
1038 904 1095 944 ab
1132 905 1227 957 ipsa
1257 904 1497 951 voluntate,

83 973 160 1012 sed
185 974 241 1013 ab
274 974 369 1014 aliis
406 973 703 1023 facultatibus,
738 987 826 1014 non
869 981 935 1014 est
977 988 1052 1014 cur
1088 972 1237 1026 perfici
1275 977 1498 1025 nequeant

83 1042 314 1083 voluntate
336 1043 486 1083 invita.
551 1043 626 1084 Sic
650 1057 728 1096 vg.
752 1044 859 1083 nihil
894 1044 1044 1084 obstat
1081 1042 1317 1094 quominus
1342 1054 1498 1081 manus

84 1119 161 1153 aut
209 1113 344 1166 pedes
384 1112 426 1152 vi
469 1118 667 1161 externa,
710 1113 938 1153 voluntate
989 1112 1171 1152 omnino
1213 1115 1499 1163 repugnante,

86 1187 357 1222 moveantur.
419 1180 518 1221 Vid.
539 1181 749 1234 exempla
771 1195 809 1221 n.
836 1192 934 1232 344.
956 1180 1130 1221 tradita.

147 1259 244 1301 357.
280 1249 500 1301 Principia
521 1250 610 1289 duo
628 1249 722 1302 jam
746 1250 910 1290 tradita
926 1250 1069 1290 solent
1091 1250 1299 1303 theologi,
1321 1255 1421 1302 post
1455 1248 1499 1290 S.

88 1317 323 1366 Thomam,
347 1317 409 1357 sic
431 1318 660 1358 enuntiare
679 1316 703 1358 :l
736 1318 1009 1371 “Quantum
1047 1319 1103 1358 acl
1141 1324 1290 1358 actum
1325 1317 1400 1369 qui
1435 1323 1501 1357 est

87 1387 346 1428 immediate
361 1385 496 1438 ipsius
512 1386 766 1436 voluntatis,
784 1385 880 1441 [seu
900 1385 1276 1441 actumelz'cz'tmn],
1291 1386 1502 1426 violentia

87 1456 306 1498 voluntati
342 1454 487 1494 inferri
523 1468 610 1495 non
653 1462 831 1509 potest;
875 1456 952 1495 secl
995 1461 1210 1506 quantum
1253 1455 1309 1495 ad
1351 1459 1500 1494 actum

89 1529 359 1581 imperatum,
380 1522 586 1564 voluntas
602 1530 752 1577 potest
774 1525 866 1577 pati
889 1523 1186 1563 violentiam.'⁷
1223 1523 1310 1565 Seu
1329 1523 1502 1563 brevius

87 1599 178 1640 sic:
210 1595 491 1637 “voluntatis
533 1600 658 1634 actus
701 1594 834 1634 eliciti
870 1607 959 1633 non
1001 1599 1188 1646 possunt
1230 1593 1356 1646 cogi;
1403 1592 1502 1644 cogi

86 1681 191 1708 vero
213 1669 399 1719 possunt
422 1668 546 1703 actus
571 1661 812 1715 z'mperatz‘.'’
876 1662 963 1701 Hic
986 1668 1137 1702 tamen
1169 1675 1269 1702 curn
1294 1660 1502 1702 Suaresio

91 1735 339 1777 notandum
374 1741 455 1783 est,
492 1735 611 1786 quod
650 1734 830 1786 quidem
877 1747 934 1774 ex
977 1731 1175 1773 terminis
1217 1729 1323 1769 satis
1367 1735 1505 1783 patet,

90 1805 378 1846 “doctrinam
404 1804 433 1844 S
473 1802 688 1852 Thomae,
721 1803 908 1843 dicentis
946 1815 1075 1854 posse
1106 1799 1382 1840 voluntatem
1406 1797 1503 1850 cogi

92 1875 135 1914 in
159 1872 329 1913 actibus
352 1871 590 1925 imperatis,
610 1885 698 1911 non
721 1885 816 1911 esse
834 1870 1170 1924 intelligendam
1196 1868 1240 1908 z'n
1256 1881 1380 1907 sensu
1398 1880 1504 1906 com-

84 1939 238 1992 posito,
261 1944 328 1991 (ut
350 1939 410 1979 sic
433 1939 601 1990 dicam)
623 1954 632 1988 ;
657 1939 761 1991 quia
783 1953 871 1979 non
894 1945 1042 1992 potest
1065 1938 1182 1978 idern
1216 1942 1341 1976 actus
1373 1935 1504 1975 simul

93 2021 188 2048 esse
220 2014 411 2057 coactus,
449 2013 494 2047 et
530 2008 771 2060 imperatus
817 2021 842 2047 a
880 2006 1121 2054 voluntate,
1154 2005 1258 2057 quia
1292 2003 1376 2043 hoc
1410 2003 1506 2055 ipso

94 2076 213 2128 quod
252 2075 492 2128 imperatus
535 2081 613 2124 est,
651 2075 923 2116 voluntarius
956 2082 1022 2116 est
1065 2106 1074 2115 .
1138 2108 1145 2115 .
1206 2106 1214 2114 .
1251 2072 1507 2125 Intelligen-

95 2146 202 2186 dum
242 2150 309 2184 est
337 2157 442 2196 ergo
480 2143 525 2184 z‘n
561 2157 686 2184 seusu
719 2144 860 2184 diviso
879 2158 888 2194 ;
921 2144 1087 2185 scilicet
1120 2144 1238 2197 quod
1277 2150 1400 2183 actus
1432 2141 1507 2193 qui

95 2227 153 2254 ex
177 2217 333 2252 natura
358 2226 436 2252 sua
457 2218 582 2265 aptus
603 2218 665 2252 est
686 2212 895 2265 imperari
923 2226 949 2252 a
969 2212 1211 2261 voluntate,
1243 2216 1388 2264 potest
1417 2209 1508 2248 fieri

96 2280 139 2319 in
171 2278 350 2319 homine
385 2279 588 2320 absolute
621 2279 810 2329 nolente,
851 2280 971 2332 quod
1005 2286 1072 2321 est
1113 2280 1204 2320 fieri
1247 2275 1508 2321 coacte.”2—

99 2349 213 2388 Item
251 2346 523 2399 significatur
558 2347 777 2400 ejusmodi
815 2356 939 2388 actus
968 2362 1098 2401 posse
1139 2349 1180 2388 vi
1214 2347 1417 2400 impediri
1456 2360 1525 2386 ne*

357 2511 366 2528 ¹
382 2512 532 2547 Summa,
554 2520 580 2547 1,
597 2520 627 2543 2.
653 2513 790 2552 Quaest.
807 2511 836 2542 6.
854 2517 913 2543 art.
932 2518 960 2552 5.
981 2512 1032 2543 ad.
1059 2520 1084 2542 1.

360 2554 374 2573 2
393 2555 498 2585 Tract.
521 2554 558 2585 de
581 2555 787 2594 Voluntario,
808 2555 904 2596 Disp.
925 2564 954 2587 2.
975 2562 1057 2587 sect.
1077 2555 1118 2585 vi.
1136 2565 1168 2584 n.
1198 2562 1225 2584 1.
