1716 2729
157 102 214 145 74
742 90 972 132 Tractatus
1385 89 1477 144 [GU
1484 98 1561 136 RY,

157 209 276 257 titur,
297 207 542 247 incurratur
580 213 686 247 tunc
717 206 898 259 quando
934 206 1113 259 ponitur
1142 219 1290 255 causa,
1313 218 1368 245 an
1405 209 1562 258 postea

158 275 340 329 quando
376 273 559 315 effectus
582 275 799 323 eveniant,
821 273 929 314 haec
951 274 1102 313 omnia
1139 274 1370 326 disputant
1391 272 1484 313 TT.
1517 273 1560 312 in

158 343 442 384 T-ractatibus
463 343 519 383 de
543 342 750 390 Peccatis‚
771 342 827 382 de
850 342 1141 391 Poenitentia,
1164 348 1208 382 et
1229 342 1285 382 de
1309 338 1541 382 Censuris.¹

217 412 263 451 6⁰
294 410 445 465 Quum
480 410 693 451 hactenus
717 410 836 450 dicta
857 409 1093 463 respiciant
1110 423 1198 449 non
1221 409 1365 449 solum
1387 422 1462 449 eos
1484 409 1558 461 qui

159 479 321 533 agendo
351 492 531 520 causam
570 478 751 518 effectus
773 477 877 517 mali
905 483 1082 529 ponant,
1103 478 1181 518 sed
1221 491 1296 518 eos
1329 478 1464 517 etiam
1488 478 1563 530 qui

161 561 342 589 causam
365 548 634 587 existentem
671 547 848 597 auferre
867 545 1237 598 praetermittant,
1259 546 1457 598 sequitur
1487 544 1564 585 ali-

161 630 293 670 quem
328 630 407 669 v.g.
438 615 902 655 excommunicatione
936 614 1200 655 innodatum
1234 621 1278 655 et
1313 615 1414 655 ideo
1448 614 1568 654 inca-

162 698 316 739 pacem
369 682 642 736 adimplendi
686 683 912 735 praecepti
965 683 1288 723 communionis
1331 682 1567 729 PaschaliS,

163 753 376 807 quamdiu
412 751 739 792 absolutionem
777 756 928 803 petere
962 751 1209 791 voluntarie
1243 750 1569 803 praetermittat

165 834 349 875 peccare
386 819 596 860 adversus
633 819 742 859 illud
778 826 1078 873 praeceptum,
1099 818 1219 871 quod
1256 831 1363 858 sane
1399 816 1570 870 obligat

164 903 251 929 non
275 888 419 929 solum
443 888 499 928 ad
525 886 850 927 Eucharistiam
872 893 1072 940 tempore
1106 886 1308 927 Paschali
1330 886 1569 939 suscipien-

165 957 282 1005 dam,
303 956 381 996 sed
404 956 539 996 etiam
561 955 618 995 ad
640 954 880 995 auferenda
911 953 1130 1006 ejusmodi
1152 953 1310 994 saltem
1342 953 1573 994 obstacula

166 1038 243 1065 seu
290 1024 615 1078 impedimenta
666 1023 992 1063 communionis
1043 1020 1571 1076 suscipiendae.²—Idem

167 1092 405 1133 dicendum
420 1091 596 1131 videtur
617 1091 673 1131 de
695 1104 759 1140 eo,
779 1090 1054 1143 qui‚carcere
1072 1090 1278 1139 inclusus,
1295 1103 1378 1143 v.g.
1391 1096 1573 1143 propter

168 1173 242 1200 aes
279 1159 471 1199 alienum
509 1173 597 1199 non
635 1158 842 1208 solutum,
879 1159 980 1199 ideo
1022 1171 1109 1198 non
1143 1164 1293 1211 potest
1333 1163 1572 1211 praecepto

169 1228 492 1268 communionis
515 1226 768 1267 satisfacere
781 1240 791 1277 3
814 1227 903 1279 qui,
927 1227 962 1267 si
985 1241 1063 1280 par
1085 1227 1143 1267 sit
1163 1226 1389 1276 solvendo,
1406 1231 1574 1279 peccat.

169 1309 258 1336 non
292 1294 437 1335 solum
472 1296 683 1335 adversus
720 1295 930 1335 virtutem
953 1295 1172 1348 justitiae,
1209 1308 1297 1347 qua
1333 1295 1476 1348 quivis
1518 1294 1574 1334 ad

171 1363 324 1404 debita
353 1363 567 1404 solvenda
600 1363 834 1416 obligatur,
855 1364 933 1404 sed
971 1364 1104 1404 etiam
1138 1364 1347 1404 adversus
1367 1364 1575 1404 virtutem

173 1431 405 1484 religionis,
446 1445 504 1471 ex
547 1431 671 1484 cujus
713 1432 882 1472 motivo
924 1438 1211 1485 praeceptum
1254 1431 1576 1472 communionis

174 1499 400 1540 Paschalis
421 1500 478 1540 ab
513 1499 714 1540 Ecclesia
737 1501 997 1553 impositum
1021 1498 1118 1540 est.3

235 1571 278 1618 7⁰
311 1568 469 1620 Itaque
492 1573 616 1620 patet
637 1568 713 1608 vix
736 1567 827 1608 ullo
852 1568 986 1608 modo
1007 1582 1138 1620 posse
1160 1582 1185 1607 a
1207 1568 1336 1620 culpa
1359 1567 1578 1607 immunes

176 1636 342 1677 censeri
360 1649 447 1684 eos,
465 1636 553 1688 (nn.
569 1647 636 1686 42,
660 1635 770 1688 105.)
787 1636 862 1688 qui
885 1637 1110 1688 peccandi,
1124 1648 1205 1688 vg.
1227 1634 1580 1687 blasphemandi,

180 1703 502 1744 consuetudine
565 1703 792 1743 obcaecati
857 1709 992 1755 atque
1043 1704 1228 1756 abrepti,
1281 1703 1463 1743 tandem
1527 1715 1580 1742 eo

176 1772 417 1812 deveniant
449 1776 497 1811 ut
528 1771 621 1810 sine
654 1770 755 1817 ulla,
790 1777 838 1811 ut
858 1771 1042 1817 videtur,
1068 1772 1343 1812 advertentia
1376 1771 1581 1819 malitiae,

180 1839 482 1892 blasphemias
505 1838 595 1878 fere
613 1839 866 1879 innumeras
881 1839 1080 1891 quotidie
1098 1840 1381 1893 profundant.
1425 1839 1583 1892 Neque

180 1909 297 1948 enim
321 1907 523 1947 doctrina
546 1920 677 1959 supra
702 1907 897 1959 (Resolv.
929 1905 987 1961 10)
1011 1908 1174 1948 tradita
1196 1921 1286 1947 rem
1311 1908 1418 1947 satis
1441 1907 1582 1960 expli-

179 1981 279 2025 cat3
322 1987 527 2027 namque,
570 1981 617 2014 ut
659 1975 973 2016 animadvertit
1015 1974 1281 2028 Laymann‚4
1322 1975 1583 2028 principium

184 2043 294 2083 illud
317 2041 517 2094 profecto
552 2055 638 2082 non
675 2044 870 2084 ostendit
893 2044 936 2083 in
972 2044 1148 2096 culpam
1183 2043 1389 2096 imputari
1426 2043 1586 2083 debere

181 2110 480 2163 blasphemias
504 2124 559 2149 ex
583 2112 903 2152 consuetudine
925 2112 986 2152 sic
1009 2117 1166 2152 exorta
1197 2110 1479 2164 profluentes,
1505 2111 1586 2151 nisi

183 2179 331 2232 agitur
353 2178 408 2218 de
442 2178 526 2217 illis
550 2179 637 2230 qui,
660 2193 794 2231 quum
835 2180 1200 2220 consuetudinem
1232 2178 1586 2232 blasphemando

229 2321 240 2341 1
257 2321 336 2353 Vid.
349 2321 448 2359 Viva,
470 2320 584 2361 Opusc.
611 2320 715 2351 Theol.
735 2321 865 2351 ll‘loral.
889 2321 930 2355 Ι.,
949 2320 1085 2360 Quaest.
1103 2319 1125 2348 i.
1144 2322 1205 2349 art.
1220 2328 1262 2357 43
1288 2318 1442 2353 Lacroix,
1461 2317 1535 2348 Lib.
1553 2322 1585 2358 5,

192 2365 291 2396 Trde
306 2365 456 2401 Penatis,
477 2374 534 2394 nn.
553 2363 631 2402 41-6
648 2376 654 2394 :
673 2363 776 2403 Gury,
800 2364 887 2394 Part.
903 2364 936 2394 ii.
958 2374 990 2393 n.
1007 2371 1083 2401 490.

229 2409 242 2428 ²²
259 2408 339 2439 Vid.
359 2408 395 2440 S.
415 2407 532 2448 Alph.‚
551 2407 627 2437 Lib.
645 2407 677 2437 6.
696 2407 808 2437 Tract.
827 2415 859 2446 3.
881 2407 933 2437 De
946 2406 1173 2442 Eucharistz'a,
1193 2415 1226 2435 n.
1253 2412 1327 2443 299.

231 2451 243 2470 3
259 2451 338 2482 Vid.
353 2451 389 2483 S.
402 2451 521 2491 Alph„
537 2449 639 2486 ibid.;
665 2450 850 2488 Laymann‚
869 2450 945 2480 Lib.
961 2450 983 2480 i.
1003 2450 1116 2480 Tract.
1136 2456 1168 2479 2.
1181 2458 1252 2489 cap.
1275 2448 1365 2478 iiim.
1384 2447 1421 2481 8;
1443 2447 1583 2478 Lacroix

190 2494 267 2524 Lib.
288 2501 318 2534 5.
345 2495 402 2525 Tr.
420 2494 457 2524 de
472 2494 622 2530 Peccam,
642 2502 673 2523 n.
696 2498 765 2532 137.

233 2537 244 2556 4
264 2538 337 2568 Lib.
357 2538 378 2568 i.
397 2541 491 2568 tract.
510 2544 540 2566 2.
553 2546 627 2576 cap.
647 2535 690 2566 iii.
710 2546 742 2565 n.
761 2535 790 2566 6.
