1716 2729
140 98 180 125 n.
206 84 295 141 26.]
593 89 645 130 de
662 90 846 131 Actibus
861 91 1096 133 Humanis.
1470 96 1547 149 163

136 200 315 242 intentio
356 216 517 257 nempe
558 203 672 253 finis,
716 211 852 259 atque
904 207 1038 248 medii
1091 209 1240 260 electio,
1294 211 1386 252 sive
1435 211 1545 253 haec

135 271 365 325 inspicitur
399 275 548 327 quoad
583 276 873 317 substantiam
907 285 1032 319 actus
1069 282 1161 321 sive
1193 283 1340 334 quoad
1364 283 1543 323 circnm-

130 344 331 393 stantz'as,
375 351 524 386 tamen
564 348 750 400 expedit
792 354 840 389 ut
882 350 1065 390 seorsim
1108 351 1410 404 inspiciantur,
1454 368 1544 407 quo

132 414 291 456 clarius
345 416 632 469 dignoscatur
681 425 901 471 quatenus
954 421 1306 475 unumquodque
1368 437 1426 464 ex
1484 425 1536 465 iis

133 490 430 532 moralitatem
463 493 600 533 totius
633 500 757 535 actus
789 495 968 537 afficiat.

640 633 658 686 ἕ
698 646 730 676 1.
764 635 832 676 De
866 636 1045 691 Objecto.

187 731 285 772 440.
318 720 872 778 Definitio—Objectum
915 728 957 768 in
1009 743 1170 782 genere
1221 737 1288 772 est
1341 730 1391 771 z'd
1435 734 1551 785 qnod

127 790 344 832 voluntati
379 792 587 846 objicitur.
654 795 741 837 Hic
778 804 926 850 potest
959 813 1054 840 esse
1087 814 1232 841 sermo
1265 802 1322 843 de
1356 802 1534 856 objecto

116 859 317 910 proximo
338 867 414 902 aut
437 870 609 904 remoto.

185 940 283 979 441.
318 928 560 982 Objectum
572 933 824 985 proximum
847 941 914 976 est
937 936 1023 988 z'pSe
1036 943 1157 978 actus
1178 953 1311 993 quem
1333 941 1540 983 voluntas

127 1001 205 1036 aut
241 996 359 1038 elicit
395 1005 472 1040 aut
494 1000 718 1053 imperat:
765 1003 801 1043 si
832 1003 897 1057 (a)
936 1004 1068 1046 latius
1105 1008 1306 1058 sumitur,
1343 1023 1542 1064 compre-

125 1064 294 1116 hendit,
316 1072 364 1107 ut
386 1081 520 1121 supra
561 1071 621 1121 (n.
644 1074 768 1123 434.)
808 1074 1070 1126 expositum
1105 1083 1182 1126 est,
1207 1082 1353 1118 totum
1391 1086 1540 1120 actum

121 1133 422 1176 voluntarium
443 1151 452 1188 ;
476 1137 547 1178 hic
568 1152 685 1187 vero,
702 1139 762 1193 (b)
783 1147 831 1182 ut
853 1141 1001 1183 anteal
1023 1144 1195 1186 dictum
1218 1151 1298 1195 est,
1319 1147 1539 1189 strictiore

125 1215 258 1243 sensu
293 1204 482 1245 sumitur
517 1207 574 1247 ad
607 1207 951 1259 significandam
985 1218 1161 1254 tantum
1194 1219 1320 1254 actus
1341 1215 1540 1257 snbstan-

123 1270 247 1319 tiam,
268 1285 348 1325 v.g.
374 1272 479 1314 dare
516 1274 861 1329 eleemosynam,
903 1279 1048 1330 furari,
1087 1287 1182 1331 eto,
1223 1288 1318 1334 etc„
1356 1284 1542 1326 circum-

123 1339 299 1379 stantiis
320 1340 547 1392 quibusvis
570 1349 705 1396 atque
727 1344 813 1386 fine
835 1349 1010 1400 agentis
1032 1350 1248 1403 sepositis.

180 1419 281 1459 442.
317 1409 558 1463 Objectum
581 1420 789 1455 remotum
810 1423 877 1458 est
909 1417 1026 1459 illud
1050 1419 1162 1460 circa
1191 1420 1309 1473 qaod
1332 1421 1537 1475 objectum

110 1477 364 1528 proximum
387 1486 623 1530 versatum
642 1496 727 1536 vg.
751 1486 949 1537 pecunia,
969 1500 1084 1540 quae
1101 1490 1285 1543 pauperi
1305 1490 1448 1541 datur,
1468 1499 1536 1534 est

120 1552 341 1588 remotum
365 1548 590 1602 objectum
629 1551 878 1606 largitionis
915 1555 1255 1610 eleemosynae3
1288 1573 1356 1600 res
1379 1560 1537 1611 aliena,

117 1627 234 1668 quae
255 1629 281 1656 a
302 1616 396 1658 fure
417 1618 626 1669 aufertur,
648 1627 714 1661 est
743 1629 965 1664 remotum
988 1624 1218 1678 objectum
1242 1627 1360 1670 furti.

176 1738 275 1779 443.
307 1730 817 1788 Divisio.—Object2mz
853 1740 1124 1791 proximum,
1167 1743 1224 1783 de
1260 1758 1349 1798 quo
1385 1746 1529 1788 solum

117 1795 189 1837 hic
210 1798 434 1850 agendum
457 1807 536 1850 est,
553 1809 619 1843 est
633 1802 800 1854 bonum,
818 1808 995 1858 malum,
1020 1811 1090 1851 vel
1112 1811 1375 1866 z'ndz'ffi2rens,
1397 1823 1529 1869 prout

118 1863 177 1917 (n.
202 1864 314 1917 368.)
336 1867 563 1910 conforme
584 1871 655 1912 vel
676 1873 882 1916 difforme
906 1883 973 1917 est
995 1879 1160 1932 regulis
1184 1895 1369 1925 morum.

173 1944 269 1985 444.
304 1935 479 1977 Deinde
501 1938 667 1981 bonum
691 1949 767 1983 aut
787 1944 952 1986 malurn
976 1953 1125 2000 potest
1148 1964 1244 1991 esse
1264 1952 1333 1992 vel
1366 1952 1526 1994 intrin-

113 2015 199 2042 sece
228 2002 297 2043 vel
330 2006 564 2057 extrinsece,
600 2012 843 2052 secundum
879 2027 1057 2056 sensum
1095 2016 1253 2060 horum
1288 2021 1523 2063 verborum

114 2069 265 2123 supra2
286 2075 556 2125 expositum.

170 2147 268 2191 445.
301 2139 491 2194 Objecta
522 2143 748 2187 intrinsece
776 2149 895 2190 mala
925 2151 1167 2205 aliquando
1189 2155 1396 2198 dicuntur
1426 2172 1523 2200 esse

108 2207 298 2261 duplicis
331 2212 503 2262 generis
524 2210 550 2253 :3
592 2221 723 2267 prout
762 2216 828 2271 (a)
864 2218 1083 2271 ejusmodi
1117 2230 1222 2264 sunt
1261 2238 1377 2277 quae
1399 2232 1519 2267 recto

154 2329 167 2350 1
191 2330 268 2361 Vid.
286 2342 318 2362 n.
338 2341 415 2373 435.

153 2373 166 2393 2
191 2374 270 2405 Vid.
286 2385 396 2417 supra,
416 2387 472 2408 nn.
488 2379 653 2420 373-376.

151 2417 164 2436 3
187 2417 266 2448 Vid.
286 2429 354 2460 v.g.
370 2420 463 2461 Gury
479 2420 585 2462 (Part.
606 2425 624 2455 i.
647 2435 678 2455 n.
696 2425 767 2457 26.)
793 2427 849 2468 qui
866 2428 928 2459 trIa
951 2439 1078 2470 genera
1093 2431 1293 2472 distinguit:
1318 2433 1376 2464 illa
1401 2439 1515 2467 autem

106 2460 170 2491 tria
191 2461 234 2492 ad
258 2461 324 2493 duo
347 2463 448 2504 plane
469 2472 666 2499 revocantur
689 2469 716 2499 si
738 2470 935 2503 omittantur
957 2483 997 2504 ea
1012 2483 1098 2515 quae
1116 2475 1217 2506 tradit
1241 2475 1284 2507 de
1308 2476 1517 2511 dominativa

106 2508 273 2545 potestate
290 2506 355 2537 Dei
370 2513 403 2538 et
418 2507 574 2544 hominis,
597 2521 683 2551 quae
707 2513 842 2553 quidem
859 2525 1024 2556 exponere
1048 2517 1146 2558 hujus
1161 2529 1228 2549 non
1244 2524 1294 2552 est
1309 2519 1388 2552 loci.
1437 2522 1517 2554 Vid.

105 2547 190 2579 infra
206 2548 349 2581 dicenda
364 2549 398 2581 in
415 2551 527 2583 Tract.
546 2553 583 2584 de
594 2554 742 2596 Legibus,
760 2556 793 2587 in
809 2568 881 2599 cap.
903 2559 954 2590 De
975 2561 1061 2601 Lege
1078 2561 1244 2594 Naturali.
