1716 2729
175 107 253 156 ‘198
644 123 648 127 ·
759 107 991 148 Tractatns
1018 120 1020 123 ’
1095 119 1098 121 ’
1402 106 1579 161 [GURY,

171 222 322 270 miens,
346 221 514 262 nullam
540 236 754 264 exercens
783 224 1105 277 operationem,
1139 222 1247 264 nihil
1281 222 1380 263 boni
1399 222 1517 273 facit,
1537 229 1582 263 et

170 291 243 330 ubi
271 304 356 330 non
380 297 448 331 est
471 290 636 342 boumn,
659 293 813 333 melius
835 307 932 333 esse
955 306 1043 332 non
1067 291 1253 346 potest.”

231 361 322 411 562.
357 359 547 413 QUAER.
594 366 649 412 5⁰.
720 361 811 412 Quo
852 376 974 402 sensu
1022 360 1346 414 z‘ntellzgrendam
1381 359 1442 400 sit
1491 360 1532 401 T
1536 359 1581 401 T.

168 429 342 469 axioma
372 426 520 482 supral
555 436 872 470 memoratum:
916 431 1089 471 Bonum
1133 445 1191 471 ex
1228 431 1402 484 integra
1438 444 1587 480 causa,

170 497 339 537 malum
362 512 420 538 ex
443 513 710 552 quocunque
732 499 943 540 defectu?

190 613 192 615 ‚
233 568 323 619 563.
359 569 658 622 Responsioni
677 570 1054 623 praemittendum
1079 573 1118 610 1⁰
1133 582 1309 610 cansam
1332 568 1440 609 nihil
1463 567 1584 610 aliud

170 638 240 677 hic
281 638 531 690 significare
572 652 707 691 quam
743 638 1031 692 complexum
1073 639 1208 679 trium
1248 638 1585 686 elementorum,

169 706 345 759 objecti,
378 706 826 756 circumstantiarum,
849 713 894 748 et
930 707 1042 757 finis,
1066 721 1124 748 ex
1146 707 1320 760 quibus,
1343 713 1392 747 ut
1421 720 1459 747 n.
1481 717 1583 759 430.

168 776 337 815 dictum
361 781 440 824 est,
463 775 631 829 pendet
653 777 882 816 moralitas
905 783 1042 818 actus,

229 846 323 895 564.
359 845 741 885 Praemittendum
761 853 827 886 est
851 849 906 895 2⁰,
931 852 980 886 ut
997 859 1132 886 causa
1149 850 1382 885 censeatur
1399 843 1586 896 integra,

169 914 353 953 minime
376 913 535 966 requiri
572 913 682 953 haec
719 915 806 954 tria
838 914 1060 955 elementa
1082 928 1178 954 esse
1206 913 1337 954 bona.
1401 913 1582 953 Etenim

169 969 341 1034 integra
376 989 581 1023 censetur
617 997 752 1024 causa
792 983 1041 1024 dummodo
1078 989 1204 1023 actus
1240 982 1299 1032 (a)
1338 982 1395 1022 sit
1432 981 1587 1034 aliquo

169 1051 305 1091 modo
326 1050 483 1099 bonus,
505 1051 597 1092 sive
634 1065 692 1094 ev<
729 1051 908 1104 objecto
945 1058 989 1092 et
1025 1051 1386 1102 circumstantiis,
1410 1051 1501 1092 sive
1524 1065 1582 1092 ex

169 1119 270 1169 fine,
296 1133 439 1172 neque
465 1120 522 1171 (b)
547 1120 727 1161 aliunde
749 1120 937 1161 vitietur.

231 1188 323 1239 565.
357 1188 564 1242 Denique
598 1195 653 1240 30,
676 1196 918 1242 antequam
950 1202 1106 1230 sensus
1137 1188 1378 1229 axiomatis
1409 1188 1585 1242 plenius

169 1263 435 1309 exponatur,
476 1258 555 1297 abs
598 1272 643 1298 re
676 1257 869 1299 ‘fortasse
906 1271 995 1298 non
1028 1263 1095 1298 est
1128 1262 1284 1298 notare
1314 1257 1581 1298 vocabulum

168 1327 341 1366 axioma
375 1340 463 1366 non
500 1327 570 1367 hic
605 1328 718 1368 sumi
749 1328 906 1368 eodem
941 1340 1073 1367 sensu
1111 1340 1200 1380 quo
1233 1325 1476 1379 loquuntur
1497 1339 1586 1379 mg.

169 1395 473 1435 mathematici
516 1396 571 1436 de
614 1396 919 1437 axiomatibus
956 1396 1240 1449 geometriae.
1324 1395 1583 1437 Matheseos

168 1464 285 1503 enim
328 1463 561 1504 axiomata
602 1465 820 1518 principia
860 1470 976 1513 sunt,
1009 1478 1125 1517 quae
1161 1463 1315 1517 prima
1355 1470 1585 1518 vocantur,

166 1545 356 1585 quorum
398 1532 573 1582 veritas,
605 1546 743 1586 quum
777 1547 835 1573 ex
868 1532 963 1573 sola
995 1532 1257 1573 definitione
1287 1532 1579 1573 terminorum

165 1606 330 1654 pateat,
353 1600 475 1640 nulla
498 1601 669 1654 indiget
693 1600 1090 1650 demonstratione,
1121 1601 1259 1640 immo
1282 1614 1362 1641 nec
1395 1600 1581 1641 demon-

165 1670 293 1708 strari
326 1674 485 1722 potest,
508 1683 644 1722 quum
668 1669 756 1709 alia
778 1683 864 1709 non
884 1669 1057 1723 possint
1078 1669 1263 1709 inveniri
1286 1669 1505 1722 principia
1526 1670 1580 1710 iis

167 1738 355 1777 notiora.
420 1737 695 1789 Hujusmodi
718 1751 822 1778 vero
854 1751 942 1778 non
981 1744 1049 1778 est
1080 1738 1264 1778 axioma
1295 1738 1352 1778 de
1389 1751 1477 1790 quo
1508 1738 1582 1779 hic

168 1807 313 1859 agitur
331 1794 341 1855 ;’
391 1807 473 1846 etsi
516 1807 633 1847 enim
676 1807 802 1857 solet,
843 1807 1088 1848 secundum
1140 1821 1269 1848 usum
1312 1807 1579 1857 scholarum,

167 1875 351 1915 axioma
392 1876 490 1923 dici,
522 1876 669 1929 potius
707 1883 858 1917 tamen
895 1877 1171 1931 inspicienda
1204 1884 1271 1917 est
1305 1883 1353 1917 ut
1374 1877 1582 1929 formula

161 1944 402 1996 quaedam,
425 1957 512 1996 qua
527 1944 668 1985 nitide
690 1946 1001 1998 exprimantur
1015 1945 1161 1998 plures
1176 1945 1386 1986 veritates
1401 1945 1580 1987 aliunde

167 2013 372 2065 cognitae
394 2026 402 2062 3
425 2026 569 2065 neque
591 2013 686 2066 ejus
710 2014 871 2054 veritas
894 2027 951 2053 ex
974 2028 1021 2054 se
1043 2019 1180 2067 patet,
1197 2014 1274 2053 sed
1297 2015 1583 2066 cognoscitur

165 2094 223 2119 ex
268 2081 577 2121 demonstrata
617 2082 805 2122 veritate
856 2096 1008 2123 eorum
1052 2082 1251 2123 omnium
1295 2096 1410 2136 quae
1449 2082 1494 2122 in
1527 2096 1579 2122 ea

165 2143 491 2201 exprimuntur.

183 2204 188 2210 ³
226 2219 318 2269 566.
354 2217 637 2270 Inspicienda
660 2218 794 2271 igitur
811 2225 914 2259 sunt
946 2219 1098 2259 omnia
1120 2217 1336 2260 hactenus
1360 2233 1386 2259 a
1408 2233 1445 2259 n.
1474 2220 1576 2270 456.

164 2287 340 2335 tradita,
358 2292 406 2326 ut
437 2287 500 2326 sic
523 2287 765 2327 axiomatis
787 2286 932 2340 hujus,
955 2301 1031 2328 seu
1065 2287 1293 2337 formulae,
1325 2293 1580 2341 exponatur

164 2369 319 2395 sensus
342 2362 386 2395 et
417 2354 547 2395 simul
571 2355 732 2395 veritas
756 2355 1098 2396 demonstretur.

226 2424 316 2474 567.
353 2423 411 2463 Et
457 2423 638 2476 quidem
683 2424 802 2476 prius
839 2423 982 2464 notari
1021 2423 1156 2465 debet
1198 2438 1325 2465 casus
1362 2424 1579 2478 plurimos

674 2577 684 2598 ¹
702 2577 780 2609 Vid.
802 2581 909 2614 antea,
927 2587 959 2608 n.
981 2584 1055 2618 549.
