1716 2729
161 136 239 186 148
748 134 978 174 Tractatus
1387 131 1483 186 [GU
1490 142 1568 182 RY,

154 252 289 293 etiam
314 251 457 304 ipsum
487 250 558 290 hic
593 256 636 290 et
675 264 788 290 nunc
829 247 1007 304 [eodem
1044 247 1198 304 modo]
1232 248 1464 302 obligaret,
1487 248 1569 288 nisi

156 334 233 373 per
256 320 458 360 accidens
485 333 585 359 eum
609 319 862 371 ignorantia
886 315 1173 359 excusaret.’‘1

217 472 311 513 394.
348 459 882 521 Quaesita.—QUAER.
912 465 962 500 1⁰.
991 459 1083 510 Quo
1124 458 1245 499 modo
1275 458 1421 499 debeat
1436 458 1572 499 volita

156 544 242 571 esse
257 529 438 569 actionis
459 528 634 568 malitia
651 535 732 568 aut
752 527 932 576 bonz'tcm
951 533 1000 567 nt
1008 527 1150 579 possit
1164 526 1313 579 agenti
1325 525 1538 578 imputari
1553 523 1574 563 ‚9

219 607 312 651 395.
346 598 606 650 Antequam
664 597 995 650 respondeatur,
1038 596 1147 636 haec
1205 595 1403 635 notanda
1459 598 1572 633 sunt.

159 667 390 707 Moralitas
414 673 550 714 actus
573 666 664 705 sive
697 666 843 718 agitur
873 666 928 705 de
959 664 1131 704 malitia
1162 663 1253 703 sive
1286 663 1341 704 de
1374 662 1571 713 bonitate,

156 742 307 791 potest
342 749 437 775 esse
474 735 611 775 volita
649 740 725 774 aut
761 734 916 774 directe
951 740 1028 780 aut
1062 732 1277 773 indirecte.
1356 731 1575 772 Censetur

157 804 314 846 directe
333 803 482 851 volita,
504 803 684 855 quando
707 815 844 854 agens
867 815 963 841 eam
989 801 1162 853 appetit
1185 805 1398 853 expresso
1421 797 1576 838 volun-

158 873 263 912 tatis
286 878 387 912 actu
409 887 417 911 :
440 877 488 911 ut
510 884 594 923 v.g.
619 871 653 909 si
687 870 784 922 quis
817 869 1161 921 temperantiam
1185 869 1286 908 ideo
1308 866 1487 907 excolat
1508 865 1575 921 (a)

159 942 263 993 quia
286 940 474 981 trahitur
511 940 607 992 ipsa
638 938 873 979 honestate
904 937 1035 990 hujus
1067 938 1253 987 virtutis,
1276 942 1353 977 aut
1386 935 1445 987 (b)
1471 935 1577 988 quia

159 1010 266 1059 vult,
289 1009 403 1050 hanc
434 1009 646 1048 virtutem
681 1007 945 1056 exercendo,
970 1020 1049 1059 pro
1091 1005 1284 1059 peccatis
1318 1004 1417 1044 Deo
1450 1003 1576 1043 satis-

160 1079 332 1127 facere;
367 1078 411 1117 in
448 1077 591 1129 priore
629 1090 747 1124 casu,
768 1076 977 1116 honestas
1015 1074 1338 1128 temperantiae
1370 1080 1436 1112 est
1461 1071 1578 1125 finis

161 1147 340 1200 agendi,
365 1146 408 1185 in
432 1145 572 1185 altero
595 1144 833 1184 adhibetur
856 1150 903 1184 ut
926 1143 1131 1183 712ed2'um2
1153 1141 1418 1194 assequendi
1442 1140 1576 1180 finem

161 1229 275 1268 quae
298 1215 354 1255 ad
378 1215 587 1254 virtutem
611 1212 914 1266 poenitentiae
942 1217 1128 1264 spectat.
1191 1210 1405 1250 Indz'recte
1425 1215 1576 1250 autem

161 1284 297 1324 volita
320 1288 522 1323 censetur
546 1281 774 1322 moralitas
797 1294 934 1333 quum
968 1294 1104 1332 agens
1136 1279 1385 1320 voluntarie
1406 1278 1578 1332 perficit

162 1359 310 1393 actum
337 1365 469 1405 quem
493 1351 601 1391 satis
624 1349 920 1403 apprehendit
944 1348 1169 1389 moraliter
1191 1349 1359 1389 bonum
1384 1361 1479 1388 esse
1501 1353 1579 1388 aut

163 1422 342 1471 malum,
385 1422 447 1460 ita
489 1426 639 1460 tamen
694 1425 740 1458 ut
793 1432 938 1471 neque
995 1417 1243 1457 bonitatem
1297 1415 1392 1468 ejus
1435 1429 1579 1468 neque

163 1491 379 1532 malitiam
401 1490 557 1530 directe
576 1487 682 1528 velit
704 1501 711 1530 ;
734 1487 795 1527 sic
814 1501 899 1539 v.g.
922 1487 957 1526 si
991 1486 1088 1539 quis
1111 1485 1453 1538 temperantiam
1476 1485 1578 1525 ideo

163 1560 356 1608 excolat,
390 1572 477 1599 non
511 1558 615 1610 quia
662 1561 846 1609 appetat
892 1554 1023 1607 hujus
1074 1554 1248 1594 virtutis
1279 1554 1573 1602 honestatem,

164 1629 240 1668 sed
264 1628 369 1680 quia
389 1625 484 1666 vult
507 1624 759 1676 sumptibus
782 1636 971 1675 parcere.
1036 1622 1120 1662 His
1143 1622 1407 1675 praemissis,

226 1697 320 1747 396.
357 1695 497 1735 RESP.
531 1694 586 1733 ad
612 1693 811 1744 primam
853 1691 1129 1744 quaestionis
1170 1697 1356 1744 partem.
1440 1689 1574 1743 Quod

164 1767 326 1807 attinet
358 1765 412 1804 ad
437 1763 656 1804 malitiam
691 1767 830 1810 actus,
870 1761 1155 1801 consentiunt
1190 1775 1346 1801 omnes
1377 1762 1576 1801 sufficere

165 1849 262 1875 eam
287 1848 381 1874 esse
406 1832 608 1872 indirecte
638 1830 835 1870 volitam.
899 1829 1119 1869 Malitiam
1157 1829 1275 1870 enim
1307 1830 1452 1883 operis
1475 1843 1575 1882 pro-

165 1905 281 1944 fecto
319 1902 539 1944 contrahit
578 1900 650 1940 ille
681 1899 769 1952 qui,
801 1905 1040 1952 postquam
1092 1899 1283 1939 advertit
1331 1899 1387 1939 ad
1430 1898 1574 1951 legem

169 1972 495 2027 prohibentem,
519 1975 681 2018 tamen,
700 1974 986 2021 praeceptum
1006 1968 1131 2019 quasi
1147 1967 1376 2020 negligens
1391 1974 1435 2008 et
1451 1967 1577 2007 flocci

169 2042 345 2090 faciens,
367 2053 478 2094 opus
501 2037 774 2092 prohibitum
790 2036 959 2089 perficit
977 2049 1077 2076 curn
1096 2037 1227 2088 plena
1244 2036 1575 2077 deliberatione.

173 2110 307 2164 Quod
331 2109 512 2163 quidem
537 2107 695 2153 evenit,
720 2111 767 2146 ut
789 2111 913 2158 patet
936 2119 993 2145 ex
1015 2104 1234 2158 exemplis
1272 2105 1460 2154 traditis,
1485 2105 1577 2145 sive

167 2183 265 2236 quis
307 2180 473 2227 directe,
514 2177 604 2217 sive
642 2181 817 2216 tanturn
849 2174 1059 2223 indirecte,
1081 2174 1176 2215 vult
1213 2180 1337 2215 actus
1370 2173 1577 2214 inhones-

163 2247 336 2292 tatem.3

213 2397 384 2436 ¹Rassler,
406 2396 536 2428 Norma
559 2395 659 2432 Recti,
687 2393 784 2434 Disp.
808 2393 828 2423 i.
853 2403 886 2422 n.
911 2398 985 2431 297.
1033 2391 1084 2422 Cf.
1102 2390 1250 2431 Struggl,
1271 2389 1376 2420 Theol.
1400 2387 1574 2423 Universa,

170 2443 259 2474 Part.
276 2443 297 2473 i.
317 2446 412 2473 tract.
433 2440 476 2471 iv.
494 2438 580 2480 disp.
598 2445 626 2478 5.
646 2444 774 2478 quaest.
799 2445 825 2467 1.
842 2441 902 2466 art.
929 2444 958 2476 3.
983 2445 1013 2465 n.
1042 2433 1080 2472 83
1110 2433 1343 2469 Mondschein,
1360 2432 1473 2462 Tract.
1490 2430 1523 2461 ii.
1540 2440 1573 2460 n.

167 2495 228 2525 421
246 2497 253 2523 ;
273 2487 448 2521 Mazzotta,
466 2483 577 2514 Tract.
602 2482 734 2521 1.disp.
759 2480 780 2511 i.
806 2483 932 2521 quaest.
965 2479 996 2510 ii.
1032 2488 1106 2519 cap.
1138 2486 1178 2518 33
1201 2476 1354 2514 Lacroix,
1385 2475 1460 2507 Lib.
1481 2482 1507 2505 1.
1524 2473 1578 2504 De

171 2530 383 2567 Conscientia,
401 2538 457 2559 nn.
474 2534 527 2566 29,
545 2533 599 2566 43.

212 2574 225 2593 ‘3
242 2573 319 2604 Vid.
339 2572 441 2603 verba
457 2570 606 2612 Lugonis
622 2573 730 2603 antea,
748 2578 781 2598 n.
803 2566 870 2597 160.
889 2566 1002 2596 citata.

212 2617 293 2648 ²³1ta
311 2615 527 2652 Haunoldus,
550 2613 583 2644 T
577 2612 716 2653 lzeologia
734 2611 951 2651 speculativa,
970 2609 1047 2640 Lib.
1067 2617 1099 2639 2.
1118 2612 1214 2639 tract.
1232 2607 1256 2638 i.
1275 2617 1307 2638 n.
1326 2606 1402 2647 363.
