1716 2729
148 87 189 114 n.
218 73 267 127 1.]
606 74 657 113 de
677 73 857 113 Actibus
878 73 1112 115 Humanis.
1526 83 1544 125 5

150 195 298 228 tamen
353 188 598 228 intellectus
652 188 836 240 imperio
889 188 1129 228 voluntatis
1173 189 1334 228 resistit
1381 189 1440 228 ita
1488 194 1547 237 ut,

150 257 430 308 quantumvis
463 269 670 296 conemur
716 269 815 295 eum
850 269 875 294 a
908 256 1250 307 cogitationibus
1284 256 1545 308 quibusdam

150 330 353 373 avertere,
373 325 416 364 id
438 330 585 363 tamen
608 322 775 363 efficere
798 336 885 363 non
907 323 1057 364 statim
1079 323 1316 364 valeamus.

215 402 273 443 15.
308 392 380 433 Sic
402 405 577 444 quoque
610 392 812 431 voluntas
842 392 1146 444 imaginationi
1178 398 1311 444 atquc
1340 392 1547 431 sensitivo

149 460 363 512 appetitui
386 466 557 499 tantum
571 459 742 512 politice
762 460 949 511 imperat
970 475 978 499 :
1000 459 1201 512 despotz‘ce
1219 473 1335 507 vero,
1358 459 1546 512 plerum-

149 528 451 580 que‚‘impe1·at
474 528 668 567 externis
690 527 882 579 corporis
908 527 1127 566 membris.

209 595 269 635 16.
303 594 434 647 Quod
477 595 532 634 ad
576 594 847 634 intellectum
890 594 1062 643 attinet,
1099 595 1544 639 animadvertendum

147 669 213 703 est
234 663 350 702 haud
375 676 502 715 posse
525 662 615 702 fieri
647 668 695 702 ut
726 675 921 714 unquam
954 676 979 702 a
1010 662 1238 702 voluntate
1265 662 1467 701 flectatur
1489 663 1544 702 ad

148 732 429 784 cogitandum
460 731 515 771 de
547 730 693 783 aliqua
725 745 782 779 re,
821 731 962 770 donec
1001 731 1118 783 prius
1158 731 1200 769 in
1239 731 1335 783 ipso
1368 730 1545 770 aliunde

147 799 342 840 excitata
362 800 418 839 sit
452 799 598 851 aliqua
630 798 760 850 hujus
797 798 857 838 rei
894 798 1117 851 cogitatio.
1186 798 1315 838 Unde
1339 798 1543 837 axioma:

138 867 286 919 prima
302 866 485 919 alicujus
501 865 566 906 νεῖ
583 866 780 918 cogitatio
802 880 884 907 non
904 865 1091 918 subjacet
1105 866 1281 918 imperio
1299 865 1542 905 voluntatis.

151 935 281 976 Ratio
315 941 438 988 patet
471 948 529 974 ex
569 940 700 975 antea
735 934 794 988 (n.
819 934 873 986 7.)
910 934 1052 974 dictis.
1130 934 1388 986 Antequam
1427 933 1541 973 enim

150 1003 354 1044 voluntas
395 1002 540 1043 valeat
581 1003 637 1042 de
679 1016 724 1043 re
766 1002 913 1055 aliqua
957 1016 1097 1054 agere,
1118 1017 1199 1055 vg.
1243 1003 1457 1055 imperare
1495 1007 1544 1042 ut

147 1071 392 1112 intellectus
415 1071 471 1111 de
492 1084 544 1110 ea
567 1084 610 1110 re
633 1070 810 1123 cogitet,
834 1083 1011 1110 necesse
1033 1076 1099 1110 est
1122 1075 1169 1109 ut
1190 1068 1413 1121 objectum
1436 1071 1542 1111 illud

146 1140 203 1179 sit
224 1140 341 1192 prius
377 1139 432 1179 ab
469 1138 696 1179 intellectu
738 1139 1062 1191 apprehensum
1098 1144 1231 1192 atque
1267 1140 1542 1191 propositum

145 1207 361 1248 voluntati
379 1213 590 1259 tanquam
614 1207 694 1259 ipsi
717 1207 970 1259 eligendum
991 1220 999 1246 :
1035 1220 1164 1259 porro
1195 1206 1236 1245 vi
1253 1207 1540 1246 terminorum

147 1281 361 1328 repugnat
398 1281 445 1314 ut
486 1274 529 1313 hi
572 1273 817 1314 intellectus
871 1280 1006 1323 actus,
1042 1288 1175 1327 quum
1229 1275 1379 1327 utique
1424 1276 1540 1328 cogi-

146 1343 336 1382 tationes
358 1342 456 1391 sint,
477 1342 723 1382 antecedant
741 1342 1036 1394 cogitationem
1060 1357 1192 1396 quam
1215 1344 1463 1385 intellectus
1485 1346 1540 1385 de

146 1427 189 1452 re
229 1413 383 1452 eadem
427 1412 621 1464 primam
675 1414 926 1466 concipiat:
983 1415 1172 1468 ideoque
1229 1425 1447 1469 repugnat
1491 1425 1540 1458 ut

145 1479 347 1520 voluntas
381 1493 459 1519 suo
494 1480 676 1532 imperio
712 1480 871 1521 efficiat
908 1488 955 1522 ut
992 1483 1241 1524 intellectus
1274 1485 1452 1537 incipiat
1485 1487 1540 1526 de

145 1548 291 1601 aliqua
314 1562 359 1588 re
381 1546 604 1601 cogitare.l

205 1626 266 1669 17.
298 1616 374 1657 Ad
403 1617 590 1670 primam
622 1617 839 1670 ejusmodi
872 1618 1188 1670 cogitationem
1221 1626 1369 1673 potest
1405 1621 1539 1661 homo

145 1685 203 1738 (a)
227 1685 481 1725 immediate
502 1699 527 1725 a
550 1685 647 1725 Deo
680 1685 842 1725 moveri
861 1699 869 1726 :
901 1686 1120 1727 ordinarie
1141 1694 1289 1728 tamen
1320 1689 1540 1729 excitatur

142 1753 210 1794 vel
233 1751 297 1807 (b)
316 1767 392 1806 per
406 1766 558 1793 sensus
576 1754 827 1803 exteriores,
842 1767 978 1806 quum
993 1755 1101 1807 quis,
1120 1757 1272 1796 audito
1289 1771 1374 1810 vg.
1394 1758 1539 1798 sonitu

142 1820 428 1874 campanulae
450 1821 504 1860 ad
530 1821 708 1861 missam
730 1823 940 1870 vocantis,
962 1823 1275 1864 animadvertit
1300 1826 1418 1865 diem
1443 1839 1538 1865 esse

142 1888 313 1937 festum,
339 1887 462 1940 cujus
493 1894 623 1928 antea
654 1896 745 1929 erat
777 1890 956 1929 omnino
999 1890 1192 1940 oblitus;
1234 1892 1302 1931 vel
1346 1892 1404 1946 (c)
1446 1893 1539 1933 sine

143 1961 424 1996 externorum
477 1969 680 1996 sensuum
739 1957 994 2009 operatione
1051 1960 1222 2008 actuali,
1275 1974 1414 2013 quum
1456 1974 1537 2012 v.g.

143 2024 353 2064 memoria
407 2029 483 2064 aut
537 2024 805 2076 imaginatio,
866 2025 1122 2067 naturaliter
1174 2028 1405 2078 concitata,
1446 2041 1537 2068 rem

143 2091 380 2132 intellectui
403 2090 634 2145 proponit.²

204 2161 263 2200 18.
297 2158 428 2212 Quod
450 2160 484 2199 si
507 2160 649 2213 prima
671 2161 729 2200 rei
753 2161 964 2214 cogitatio
988 2162 1116 2203 fuerit
1144 2163 1293 2216 aliquo
1326 2164 1461 2204 modo
1494 2164 1536 2203 in

142 2228 365 2268 intellectu
386 2229 591 2278 excitata,
622 2235 727 2269 tunc
757 2229 997 2270 voluntatis
1028 2233 1238 2283 potestati
1273 2231 1402 2284 plane
1433 2231 1534 2271 sub-

138 2296 256 2349 jacet
284 2295 495 2347 imperare
527 2302 575 2336 ut
607 2296 853 2338 intellectus
889 2299 1203 2351 cogitationem
1236 2304 1536 2352 prosequatur.

188 2406 196 2426 ¹
217 2405 269 2437 Cf.
289 2405 419 2443 Suarez,
457 2406 513 2437 Tr.
544 2407 582 2437 de
619 2406 823 2444 Voluntaria,
858 2407 952 2448 Disp.
975 2408 1007 2438 6.
1040 2413 1121 2439 sect.
1140 2408 1182 2438 iv.
1210 2418 1242 2438 n.
1274 2417 1294 2446 4
1310 2419 1318 2444 ;
1352 2407 1536 2447 Laymann,

144 2449 222 2480 Lib.
237 2457 264 2479 1.
281 2449 393 2479 Tract.
409 2457 438 2479 2.
460 2458 531 2489 cap.
552 2449 587 2480 ii.
601 2460 633 2480 n.
655 2458 717 2488 103
736 2450 886 2488 Lacroix,
909 2451 983 2480 Lib.
999 2461 1030 2481 v.
1046 2461 1079 2484 n.
1103 2450 1140 2481 16
1156 2463 1164 2489 ;
1183 2451 1219 2482 S.
1239 2451 1442 2491 Alphonsus,
1461 2450 1536 2480 Lib.

136 2500 176 2523 ⁷2.
199 2492 309 2522 Tract.
327 2492 364 2523 de
379 2492 527 2529 Peccatls,
546 2503 617 2534 cap.
643 2501 670 2523 1.
684 2503 715 2524 n.
732 2504 764 2532 4.

188 2535 202 2555 ²
214 2535 294 2566 Vid.
312 2535 496 2576 Laymann,
511 2535 592 2566 ibid.
