1716 2729
162 127 179 155 *1
190 127 245 166 24
779 119 1008 159 Tractatus
1391 117 1569 171 [GURY,

158 231 372 273 Tractatu
395 234 445 274 de
465 234 737 275 Paenitentia
771 241 1054 276 recensentur
1072 232 1098 274 :¹
1121 235 1164 274 in
1197 233 1416 288 ejusmodi
1451 233 1569 273 enim

154 301 412 352 poenitente
443 302 674 356 gehennae
718 309 862 344 metus
901 317 989 344 non
1031 310 1098 344 est
1140 317 1268 344 causa
1317 309 1454 349 actus,
1489 302 1567 342 sed

152 375 329 410 tantum
347 371 440 424 ejus
453 386 587 412 comes
605 385 614 422 ;
645 378 689 412 et
706 372 807 413 ideo
825 385 913 412 non
931 372 1066 413 debet
1081 373 1166 413 hoc
1183 387 1314 413 sensu
1327 371 1571 413 antecedens

155 437 257 488 dici,
291 440 369 480 sed
391 446 566 480 tantum
597 440 891 480 concomitans.
947 440 1012 481 Ut
1040 439 1190 494 supra2
1218 442 1274 482 de
1309 440 1571 494 Ignorantia

156 507 325 548 dictum
359 514 435 558 est,
464 523 516 549 ea
549 522 663 561 quae
699 510 759 548 sic
782 508 894 549 fiunt
937 523 1026 549 non
1059 509 1204 551 solent
1238 509 1324 550 dici
1359 523 1412 549 ex
1444 514 1570 557 metu,

154 586 298 626 neque
308 580 487 628 propter
506 583 676 626 metum,
697 577 774 617 sed
796 583 971 617 tantum
994 592 1088 618 cum
1110 585 1236 628 metu,
1256 578 1364 618 fieri.

213 649 307 693 325.
346 642 431 682 Hic
455 643 647 696 denique
670 643 912 696 loquuntur
933 644 1025 684 TT.
1050 645 1105 684 de
1128 652 1250 685 metu
1281 643 1566 692 reverentiali,

149 721 241 760 quo
268 710 366 762 quis
408 710 538 751 timet
569 725 625 751 ne
656 718 863 765 parentes
884 712 953 752 vel
985 712 1094 752 alios
1126 713 1372 766 superiores
1404 712 1568 753 habeat

151 776 361 818 offensos.
427 778 500 819 Sic
533 779 721 831 “filius,'’
756 781 817 821 ait
851 779 1045 834 Sporer‚3
1074 782 1240 822 “timet
1272 781 1563 822 offensionem

152 852 399 898 parentum,
414 847 608 901 pupillus
625 855 836 900 tutorum,
853 850 1057 891 subditus
1080 851 1302 905 principis,
1320 850 1565 891 monachus

151 915 348 967 praelati,
366 916 548 957 clericus
571 918 779 971 episcopi,
797 932 912 959 uxor
934 917 1118 959 mariti.'’
1152 919 1388 973 Ejusmodi
1407 925 1567 976 metus,

153 990 200 1024 ut
221 990 346 1037 patet
369 999 428 1025 ex
450 985 665 1026 hactenus
688 988 833 1039 dictis,
858 994 1007 1041 potest
1029 1002 1125 1029 esse
1139 988 1298 1041 gravis
1320 994 1396 1029 aut
1428 989 1561 1039 levis,-

151 1052 204 1093 ab
225 1054 456 1094 extrinseco
477 1061 554 1095 aut
585 1055 639 1095 ab
676 1055 904 1097 intrinseco
913 1073 932 1105 ,·
978 1058 1220 1098 antecedens
1256 1058 1449 1111 denique
1485 1065 1562 1100 aut

149 1123 462 1170 conco7nitans,·
495 1131 626 1177 prout
648 1126 812 1166 adsunt
843 1126 1122 1166 conditiones
1155 1140 1288 1179 supra
1320 1127 1563 1167 recensitae

151 1191 194 1230 in
218 1192 509 1232 divisionibus
531 1193 598 1233 his
621 1194 829 1234 omnibus
847 1193 941 1246 jam
964 1194 1139 1235 traditis
1162 1195 1452 1248 exponendis.

209 1330 302 1379 326.
335 1329 671 1387 Principium
692 1332 791 1376 I.—
805 1330 1064 1371 Voluntaria
1079 1337 1183 1371 snnt
1196 1345 1246 1371 ea
1261 1345 1371 1384 qnae
1383 1345 1435 1371 ex
1449 1337 1560 1372 metu

147 1398 429 1449 quantumvis
461 1397 584 1450 gravi
609 1398 746 1452 filant,
768 1399 997 1440 dnmmodo
1027 1406 1164 1440 metus
1195 1413 1277 1440 non
1306 1400 1368 1440 sit
1396 1400 1561 1453 gravis-

147 1467 284 1506 simus
307 1480 379 1506 sen
400 1466 503 1506 adeo
518 1465 736 1507 vehemens
749 1474 799 1508 ut
817 1467 1004 1508 rationis
1026 1482 1152 1508 nsum
1172 1467 1343 1509 omnino
1353 1468 1557 1521 perimat.

207 1545 304 1586 327.
341 1535 476 1575 Ratio
518 1541 586 1575 est
627 1536 732 1588 quia
769 1543 926 1587 metus,
961 1537 1043 1577 nisi
1081 1538 1137 1577 sit
1163 1537 1464 1590 gravissimus
1501 1538 1558 1590 (n.

147 1602 274 1655 309),
298 1617 387 1643 non
420 1603 537 1643 tollit
569 1604 894 1645 advertentiam
928 1605 1190 1655 intellectus,
1227 1619 1372 1658 neque
1403 1605 1556 1645 volun-

145 1677 285 1712 tatem
308 1673 452 1725 privat
475 1671 687 1712 facultate
711 1687 757 1714 se
779 1674 1107 1714 determinandi
1130 1674 1173 1714 in
1196 1674 1310 1714 hanc
1332 1673 1403 1714 vel
1435 1674 1557 1714 illam

145 1747 329 1792 partem.
394 1741 493 1781 Etsi
535 1741 653 1780 enim
697 1742 785 1781 vim
830 1741 1039 1795 aliquam,
1082 1756 1271 1796 eamque
1313 1742 1556 1796 aliquando

145 1809 402 1858 notabilem,
425 1809 561 1849 habet
583 1810 639 1849 ad
663 1810 942 1851 voluntatem
966 1812 1250 1861 movendam,
1273 1811 1384 1852 haec
1405 1817 1556 1852 tamen

143 1877 363 1929 ejusmodi
386 1890 473 1918 non
497 1884 564 1918 est
587 1892 701 1931 quae
722 1878 867 1919 valeat
899 1879 1179 1920 voluntatem
1216 1893 1387 1934 cogere,
1414 1894 1560 1934 neque

144 1947 315 1987 efficere
336 1953 485 2000 potest
508 1954 556 1987 ut
578 1947 829 1988 consentiat
850 1947 1069 1998 voluntas,
1094 1948 1176 1988 nisi
1208 1955 1429 2001 quatenus
1461 1949 1558 2002 ipsa

142 2015 261 2066 velit,
292 2016 335 2056 in
373 2015 539 2068 aliquid
574 2015 825 2057 faciendum
860 2022 937 2057 aut
973 2017 1288 2058 omittendum.
1351 2017 1452 2058 Vid.
1478 2031 1558 2058 ex-

140 2084 292 2137 empla
314 2084 571 2125 mercatoris
593 2091 637 2124 et
660 2090 894 2137 apostatae
919 2099 956 2126 n.
983 2095 1051 2138 47.
1074 2086 1251 2127 tradita.

203 2155 299 2204 328.
333 2153 447 2194 Rem
471 2153 718 2194 'luculenter
741 2154 879 2194 tradit
905 2154 949 2195 S.
973 2155 1237 2204 Bernardus,
1263 2154 1319 2195 de
1351 2154 1477 2208 lapsu
1511 2154 1555 2196 S.

145 2221 260 2262 Petri
283 2220 523 2262 disserens4
539 2226 633 2262 :—“
650 2223 850 2273 Veniat‚''
874 2223 1029 2276 inquit,
1053 2223 1130 2263 “in
1164 2224 1362 2264 medium
1400 2223 1554 2264 Petrus

185 2366 279 2398 ¹Vid.
300 2377 370 2408 v..g
389 2367 493 2408 Gury,
516 2367 606 2398 Part.
624 2367 657 2398 ii.
673 2378 709 2398 n.
726 2377 803 2408 449.
824 2369 875 2400 II.

183 2410 285 2440 ³Vid.
303 2421 336 2441 n.
355 2419 431 2449 241.

183 2454 322 2513 ΞΤΥαθῐ.
346 2463 374 2485 1.
392 2464 467 2496 cap.
486 2453 520 2485 ii.
539 2464 574 2484 n.
591 2453 646 2493 48.

184 2495 363 2535 ⁴Lacr0ix‚
383 2497 460 2529 Lib.
478 2497 526 2529 iii.
545 2505 628 2538 part.
651 2506 682 2528 2.
702 2498 754 2529 De
773 2498 1008 2534 Contmzctzffbus
1033 2508 1069 2529 n
1097 2499 1173 2539 613.
1201 2499 1280 2530 Vid.
1308 2499 1361 2531 De
1382 2501 1490 2540 Lugo,
1503 2501 1557 2530 De

144 2541 378 2578 Contracffibus,
399 2541 535 2582 Disp.z
561 2546 665 2572 ..sect
682 2541 740 2572 vii.
760 2553 794 2572 n.
818 2550 895 2579 1113
923 2542 1049 2584 Crolly,
1070 2544 1280 2584 DeJustitza
1309 2548 1339 2574 et
1359 2543 1462 2584 Jure,
1477 2543 1555 2574 Vol.

138 2592 172 2614 2.
191 2595 222 2615 n.
244 2592 323 2624 147;
349 2585 390 2616 A.
408 2585 519 2625 Mayr,
543 2585 648 2616 leeol.
668 2585 880 2619 Scholastica,
901 2586 1012 2617 Tract.
1033 2596 1065 2625 4.
1085 2587 1181 2629 Disp.
1198 2587 1219 2618 i.
1237 2597 1270 2617 n.
1293 2594 1344 2627 32.
