1716 2729
688 96 740 138 de
757 96 940 139 Actibus
958 98 1199 142 Humanis.
1559 113 1643 156 247

806 228 1000 267 CAPUT
1029 229 1088 268 II.

514 313 579 347 DE
604 313 850 348 ELEMENTIS
876 315 1059 349 ACTUUM
1086 316 1385 352 HUMANORUM.

293 391 453 435 QUAER.
482 392 674 437 Quaenam
691 393 770 426 sint
784 393 962 427 elementa
978 397 1083 427 actus
1098 394 1261 429 humani
1271 397 1290 429 ‚2

290 455 409 490 RESP.
437 456 546 490 Tria:
575 456 807 491 advertentia
832 457 1054 500 intellectus,
1081 470 1286 494 consensus
1312 461 1524 504 voluntatis,
1539 474 1639 498 exer-

242 501 371 536 citium
389 503 580 538 libertatis.
607 502 764 548 [28-3o.]

759 639 1066 676 ARTICULUS
1097 642 1125 675 Ι.

585 719 650 752 DE
674 719 980 753 ADVERTENTIA
1010 721 1305 757 INTELLECTUS.

287 798 447 842 QUAER.
479 807 491 831 1
501 795 517 812 ⁰
547 797 653 842 Quid
663 799 714 831 sit
729 798 963 832 advertentia
980 800 1000 833 ,ἲ

284 864 404 897 RESP.
431 864 501 897 Est
520 867 624 896 actus
640 874 712 907 quo
730 864 935 898 intellectus
953 864 1006 898 ad
1018 865 1171 909 aliquid
1183 866 1352 900 attendit.
1391 866 1452 902 Sic
1471 867 1593 903 differt
1611 880 1635 904 a

234 911 399 951 scientia,
418 921 513 955 quae
530 910 735 944 habitualis
752 917 818 944 est.
846 909 934 955 [31‚]

286 973 446 1017 QUAER.
466 977 517 1007 2⁰·
547 973 735 1017 ,Quomodo
752 973 1255 1018 distinguaturadvertentia
1269 976 1289 1009 ,9

282 1034 462 1070 RESP.1⁰
491 1036 722 1080 Subsective:
748 1042 804 1069 est
829 1037 955 1079 plena,
991 1036 1048 1070 cui
1083 1036 1174 1071 nihil
1208 1049 1252 1072 ex
1284 1046 1389 1083 parte
1422 1039 1633 1076 intellectus

233 1082 339 1116 deest
357 1082 557 1127 quominus
574 1089 679 1116 actus
697 1082 859 1126 perfecte
877 1082 1064 1117 eliciatur:
1095 1085 1154 1118 vel
1171 1086 1385 1130 semiplena,
1412 1087 1471 1121 cui
1489 1088 1631 1133 aliquid
1675 1089 1678 1091 ’

232 1129 445 1173 hujusmodi
463 1129 578 1163 deest.
605 1127 674 1174 [32‚
695 1138 748 1172 33.

280 1193 398 1226 RESP.
419 1190 460 1225 2⁰
491 1192 701 1236 Objective:
726 1199 782 1226 est
807 1192 992 1235 divincta,
1020 1204 1093 1237 qua
1109 1205 1168 1228 res
1187 1195 1285 1229 clare
1311 1197 1603 1241 apprehenditur
1621 1212 1631 1241 ;

231 1239 289 1273 vel
306 1239 469 1283 corifum,
488 1250 561 1284 qua
579 1250 654 1273 non
672 1239 964 1284 apprehenditur
982 1239 1052 1273 nisi
1071 1241 1184 1275 modo
1203 1242 1380 1287 ambiguo
1399 1250 1434 1278 et
1453 1245 1626 1280 obscuro.

232 1283 324 1330 [34]

732 1399 1040 1434 ARTICULUS
1070 1401 1121 1434 II.

524 1480 588 1514 DE
612 1480 894 1514 VOLUNTARIO
920 1488 972 1514 ET
997 1482 1330 1517 INVOLUNTAmo.

584 1556 604 1602 ξ
631 1565 664 1589 1.
693 1553 758 1589 De
784 1553 1017 1602 Defim'limle
1056 1553 1283 1592 Voluntaria

275 1638 435 1684 QUAER.
465 1638 570 1683 Quid
580 1639 632 1672 sit
647 1639 908 1672 voluntarimn
924 1640 943 1672 .?

272 1702 392 1736 RESP.
420 1702 489 1735 Est
506 1701 551 1734 id
563 1701 665 1745 quod
671 1702 850 1745 provenit
865 1713 888 1734 a
906 1702 1099 1736 voluntate
1115 1714 1198 1736 cum
1205 1705 1368 1747 praevia
1385 1706 1623 1742 advertentzzz

224 1749 439 1782 intellectus.
469 1747 508 1791 [3
515 1746 560 1792 5.]

272 1794 420 1829 Dicitur
441 1793 479 1828 1⁰
498 1795 542 1828 id
561 1794 664 1839 quod
675 1795 856 1838 provenit
879 1806 902 1828 a
927 1796 1129 1829 voluntale.
1182 1797 1286 1840 Quae
1304 1798 1470 1834 clausula
1487 1800 1622 1835 intelli-

225 1840 323 1886 gitur
352 1842 410 1875 vel
439 1842 618 1881 strictius,
645 1849 684 1875 ut
714 1841 886 1885 designet
916 1848 1061 1876 tanturn
1089 1855 1134 1877 ea
1169 1855 1263 1888 quae
1298 1847 1519 1888 proveniunt
1553 1860 1622 1892 per

224 1888 403 1922 influxum
430 1889 652 1932 positivum,
686 1887 747 1932 qui
782 1896 867 1922 sunt
898 1889 948 1930 (a)
978 1898 1083 1923 actus
1112 1891 1314 1925 voluntatis
1349 1899 1386 1926 et
1414 1893 1470 1935 (b)
1491 1906 1620 1929 eorum

226 1935 402 1975 effectus;
438 1935 497 1969 vel
524 1936 649 1978 latius,
680 1943 719 1969 ut
754 1935 924 1979 designet
958 1947 1002 1969 ea
1036 1936 1149 1970 etiam
1177 1949 1271 1981 quae
1302 1940 1522 1982 proveniunt
1552 1953 1622 1986 per

224 1981 401 2016 infiuxum
420 1983 650 2026 negativum,
675 1993 771 2026 quae
797 1989 882 2016 sunt
902 1981 962 2025 (a)
981 1982 1214 2021 omissiones,
1240 1983 1270 2017 si
1296 1995 1391 2029 quae
1418 1987 1503 2027 sint,
1522 1999 1618 2032 quae

223 2028 404 2063 voluntati
422 2036 461 2062 ut
479 2039 615 2062 causae
632 2028 840 2062 tribuantur
857 2028 925 2062 etsi
953 2029 1041 2063 fiant
1068 2029 1147 2064 sine
1170 2030 1370 2066 voluntatis
1389 2042 1485 2072 actu,
1505 2041 1619 2079 atque

224 2074 280 2120 (b)
301 2075 504 2109 earundem
533 2075 696 2109 effectus.
749 2074 835 2109 Sive
862 2076 1030 2109 strictius
1057 2075 1135 2110 sive
1162 2078 1279 2110 latius
1297 2079 1465 2119 sumitur,
1492 2088 1616 2125 potest

225 2121 378 2165 intelligi
397 2122 455 2155 vel
484 2121 531 2155 de
559 2121 731 2155 omnibus
759 2121 952 2156 effectibus
981 2123 1190 2157 alterutrius
1220 2125 1379 2167 generis,
1409 2127 1468 2161 vel
1496 2127 1543 2162 de
1571 2128 1618 2163 iis

221 2175 368 2204 tantum
397 2168 532 2213 quibus
562 2168 685 2202 insunt
713 2168 946 2202 conditiones
976 2169 1269 2214 quaedam—In
1295 2172 1353 2206 his
1372 2174 1558 2216 omnibus,
1576 2183 1615 2210 ut

224 2222 337 2260 patet,
352 2215 472 2259 agitur
490 2215 536 2249 de
554 2215 667 2248 modo
685 2214 871 2259 loquendi.
898 2213 987 2260 [36.]

269 2262 416 2296 Dicitur
450 2267 488 2295 20
523 2261 616 2296 Cum
652 2263 814 2306 praevia
847 2262 1080 2297 advertentia
1112 2264 1343 2300 intellectus:
1387 2267 1480 2301 nihil
1513 2268 1614 2303 enim

221 2315 343 2353 potest
369 2319 452 2343 esse
476 2309 724 2342 voluntarium
751 2309 852 2353 quod
876 2320 951 2343 non
979 2310 1025 2344 sit
1051 2310 1252 2354 cognitum.
1303 2313 1448 2347 Eodem
1482 2315 1614 2350 recidit

220 2356 395 2397 clausula,
428 2366 512 2388 cum
544 2355 752 2399 cognitione
782 2356 1021 2400 singulorum
1053 2359 1095 2391 in
1127 2358 1260 2402 quibus
1291 2364 1346 2394 est
1378 2361 1613 2396 actia—Res

220 2402 422 2436 illustratur
451 2402 621 2445 exemplo
650 2413 721 2446 v.g.
745 2402 945 2447 parricidii,
971 2403 1077 2448 cujus‘
1099 2412 1223 2449 partes
1250 2413 1408 2451 quatuor
1433 2408 1611 2453 distingui

219 2456 388 2494 possunt.
415 2447 570 2493 [37-38.]

269 2496 400 2540 Itaque
419 2495 539 2529 differt
553 2495 813 2530 voluntarium
835 2501 870 2530 10
888 2507 910 2531 a
926 2497 1053 2537 volito,
1071 2498 1171 2543 quod
1189 2505 1311 2544 potest
1324 2511 1407 2535 esse
1425 2501 1612 2546 objectum

215 2542 418 2577 inefficacis
452 2551 558 2577 actus
593 2543 808 2587 voluntatis,
843 2550 882 2578 ut
915 2555 985 2588 vg.
1025 2550 1173 2589 tempus
1210 2557 1382 2581 serenum
1418 2549 1519 2593 quod
1532 2548 1611 2584 vult
