1716 2729
164 47 194 86 4
750 32 978 73 Tractatlts
1389 31 1482 85 [GU
1489 41 1570 81 RY‚.

227 161 290 191 12.
327 149 601 190 Felicitatem
619 154 779 197 autem,
794 161 869 188 seu
888 147 1054 187 bonum
1073 147 1308 187 universim
1323 153 1562 200 sumptum,

166 218 414 258 necessario
436 222 653 270 appetunt
674 216 875 256 homines
907 215 1040 255 etiam
1063 215 1260 254 viatores.
1325 214 1421 254 Etsi
1444 215 1562 254 enim

164 287 208 325 in
231 285 350 325 bono
381 285 529 337 aliquo
560 283 739 336 speciali
771 288 918 336 potest
949 283 1059 322 ratio
1091 281 1194 322 mali
1226 282 1421 330 inveniri,
1444 281 1562 322 aliud

165 355 403 394 dicendum
422 359 488 393 est
520 352 576 392 de
597 351 714 391 bono
746 352 789 390 in
821 351 1045 390 communi
1078 356 1267 403 sumpto,
1286 350 1327 389 in
1351 364 1439 402 quo
1457 349 1563 389 nihil

166 436 253 462 non
280 422 413 461 modo
431 420 611 467 malum,
633 420 709 459 sed
727 433 779 458 ne
797 418 970 458 difficile
990 418 1168 470 quidem
1186 418 1368 458 inveniri
1390 416 1563 471 potest.l

167 491 312 530 Immo
335 489 550 542 quidquid
574 488 743 541 appetit
766 493 809 526 et
846 486 947 526 facit
968 486 1114 536 homo,
1136 486 1179 526 id
1203 487 1371 539 appetit
1393 487 1563 542 etfacit

165 572 224 598 ex
274 557 404 609 hujus
455 556 558 596 boni
610 555 822 609 appetitu.
913 557 934 574 “
953 553 1040 607 Qui
1091 555 1232 594 bonus
1283 555 1387 603 est,'’
1409 555 1470 595 ait
1515 555 1558 597 S.

165 625 473 678 Augustinus,2
505 625 644 664 “ideo
666 623 806 662 bonus
829 628 895 662 est
926 629 975 662 ut
993 622 1147 662 beatus
1169 624 1236 668 sit,
1259 629 1302 662 et
1324 623 1398 675 qui
1422 623 1561 664 malus

166 699 244 740 est,
266 693 408 732 malus
441 705 528 731 non
567 697 682 731 esset
725 691 806 730 nisi
849 704 894 729 se
936 690 1038 729 inde
1083 690 1260 730 beatum
1303 704 1397 730 esse
1434 705 1563 744 posse

165 766 371 814 speraret.
435 759 569 800 Verbi
595 759 748 812 gratia,
772 772 886 811 pone
908 757 1099 810 aliquem
1123 757 1261 797 furem
1285 772 1293 808 ;
1322 771 1485 810 quaero
1505 759 1561 799 ab

166 829 265 868 illo:
305 832 314 850 ⁶
333 841 467 880 quare
505 827 669 867 furtum
707 826 811 866 facis
829 827 857 865 ?'
911 825 1002 866 ·Ut
1047 825 1246 874 habeam,
1268 826 1420 878 inquit,
1443 829 1560 879 quod

167 910 254 936 non
276 893 522 935 habebam?
565 894 738 948 ‘Quare
760 895 824 934 vis
855 893 1016 933 habere
1055 894 1173 946 quod
1206 907 1292 933 non
1324 894 1517 934 habebas
1535 894 1560 935 θ’

170 964 311 1016 ‘Quia
333 964 539 1002 miserum
563 970 629 1002 est
653 975 740 1002 non
763 961 948 1001 habere)
967 959 987 975 '⁹

231 1043 289 1082 13.
324 1032 444 1070 Dum
485 1030 689 1070 voluntas
730 1031 773 1069 in
822 1030 911 1070 suis
960 1030 1130 1070 actibus
1182 1030 1315 1069 modo
1357 1032 1561 1083 exposito

168 1101 331 1152 pendet
362 1100 418 1139 ab
451 1098 689 1147 intellectu,
717 1099 813 1151 ipsa
843 1097 1034 1137 vicissim
1066 1097 1109 1136 in
1142 1096 1412 1138 intellectum
1444 1105 1488 1138 et
1519 1100 1561 1138 in

169 1182 322 1208 omnes
343 1167 532 1206 hominis
555 1167 775 1219 potentias
798 1165 1042 1205 dominium
1066 1164 1292 1216 quoddam
1315 1165 1461 1216 habet,
1482 1170 1502 1186 “
1519 1174 1562 1207 et

169 1237 287 1276 velut
319 1235 516 1274 omnium
549 1234 699 1286 regina
732 1234 836 1286 ipsis
869 1234 1084 1285 imperare
1115 1238 1273 1284 potest,
1297 1234 1387 1273 sive
1408 1247 1482 1274 eas
1506 1237 1561 1275 ad

169 1305 390 1357 agendum
423 1316 597 1341 movere
628 1301 696 1341 vel
728 1302 784 1341 ab
816 1308 915 1340 actu
948 1298 1219 1340 amovere:'’3
1241 1301 1301 1339 sic
1333 1315 1414 1354 vg.
1446 1303 1562 1343 valet

167 1371 371 1411 voluntas
434 1369 604 1409 efficere
670 1375 717 1408 ut
780 1375 1039 1408 moveantur
1101 1369 1299 1408 membra
1358 1372 1563 1422 corporis,

168 1438 407 1485 brachium,
477 1451 644 1485 manus,
709 1443 787 1476 etc.
814 1451 824 1486 3
883 1437 943 1476 sic
1019 1436 1152 1475 etiarn
1209 1435 1326 1475 valet
1389 1437 1562 1479 flectere

170 1506 440 1546 intellectum
475 1510 522 1544 ut
553 1504 608 1544 de
641 1517 685 1543 re
721 1504 869 1556 aliqua
905 1503 1069 1555 cogitet
1105 1509 1181 1542 aut
1214 1504 1386 1543 desinat
1423 1506 1478 1545 de
1510 1520 1561 1546 ea

171 1575 378 1626 cogitare.

234 1653 298 1690 14.
335 1641 469 1679 Haud
488 1646 637 1679 tamen
655 1640 716 1678 ita
731 1639 935 1678 voluntas
948 1639 1157 1691 potentiis
1176 1640 1357 1679 caeteris
1374 1640 1562 1692 imperat

172 1717 219 1750 ut
251 1715 469 1761 nequeant
502 1708 685 1760 imperio
716 1707 809 1759 ejus
841 1708 1051 1747 resistere,
1112 1707 1250 1747 Aliud
1283 1709 1463 1760 quidem
1493 1716 1560 1750 est

171 1777 401 1829 imperium
425 1777 686 1828 despoffczcm,
709 1776 826 1815 aliud
849 1788 952 1814 vero
977 1773 1228 1826 politicum}
1293 1776 1559 1828 Despotz'cum

170 1846 330 1886 dicitur
351 1858 485 1896 quum
519 1845 615 1897 quis
646 1844 832 1896 imperat
863 1843 958 1882 aliis
989 1842 1063 1894 qui
1095 1843 1138 1881 in
1170 1856 1214 1883 re
1236 1843 1354 1883 nulla
1376 1852 1560 1896 possunt

171 1913 354 1965 imperio
396 1912 607 1960 resistere,
642 1912 753 1950 sicut
794 1924 874 1962 vg.
900 1911 1190 1950 instrumenta
1231 1919 1454 1963 nequeunt
1496 1927 1559 1953 re-

171 1981 322 2020 sistere
344 1978 511 2019 artifici.
573 1978 813 2030 Imperium
845 1990 948 2016 vero
973 1977 1191 2028 politicum
1217 1985 1283 2018 est
1304 1992 1439 2030 quum
1462 1981 1559 2033 quis

172 2048 279 2092 aliis,
301 2061 386 2099 vg.
412 2060 489 2086 rex
522 2045 699 2094 civibus,
722 2052 891 2098 praeest,
915 2045 1000 2097 qui,
1023 2045 1103 2084 etsi
1136 2044 1314 2085 obedire
1345 2053 1560 2096 tenentur,

172 2115 320 2167 aliquo
353 2121 501 2153 tamen
535 2114 668 2152 modo
699 2126 878 2152 renuere
911 2118 1104 2164 possunt.
1168 2111 1241 2152 Sic
1272 2113 1474 2154 voluntas
1496 2116 1559 2154 in-

171 2182 364 2222 tellectui
387 2181 573 2233 imperat
603 2187 776 2220 tanturn
804 2179 999 2231 politice‚·
1035 2180 1115 2218 etsi
1154 2179 1285 2232 igitur
1320 2182 1560 2234 aliquando

173 2249 438 2289 meditamur
469 2253 513 2288 et
544 2248 771 2287 studemus
804 2247 906 2299 quia
941 2246 1048 2287 haec
1089 2247 1303 2295 volumus,
1324 2248 1561 2302 aliquando

302 2406 310 2424 ¹
330 2403 383 2436 Cf.
399 2404 433 2435 S.
449 2403 586 2440 Thom.,
605 2403 650 2433 In
666 2402 739 2433 Lib.
756 2410 788 2432 2.
806 2402 1058 2438 Sententiarum,
1080 2401 1164 2432 Disti
1183 2409 1234 2442 25.
1254 2413 1285 2444 q.
1309 2412 1334 2434 1.
1356 2410 1415 2434 art.
1432 2412 1460 2434 2.

301 2448 314 2467 2
339 2448 442 2478 Tract.
457 2448 494 2476 de
507 2447 644 2486 Epicur.
665 2450 695 2476 et
709 2446 817 2480 Stoic„
833 2444 917 2485 Cap.
934 2444 967 2474 ii.
986 2455 1017 2474 n⁴
1033 2453 1065 2483 4.

301 2491 315 2511 ³
330 2490 443 2528 Perin,
470 2490 524 2519 Tr.
541 2489 578 2519 de
591 2490 662 2519 Act.
684 2488 864 2524 Humanis,
884 2487 1019 2527 Quaest.
1040 2495 1084 2523 2.‚
1104 2494 1162 2517 art.
1187 2495 1215 2518 1.
1236 2487 1250 2528 ἕ
1269 2496 1292 2519 1.

301 2534 314 2553 ⁴
330 2533 407 2563 Vid.
426 2531 617 2572 Tongiorgi,
638 2531 749 2561 lnstz't.
771 2530 871 2568 Plzz'l„
892 2530 966 2560 Lib.
987 2529 1031 2560 iii.
1049 2540 1079 2560 n.
1102 2530 1175 2569 506,
1195 2529 1237 2561 80.
