1716 2729
143 105 216 133 nn.
241 93 322 143 283
350 103 414 143 31,
439 92 522 146 32]
585 94 637 134 de
655 95 836 135 Acribus
854 96 1096 145 Humanis.
1461 108 1541 153 225

150 207 323 248 mitiore
363 221 494 248 sensu
539 209 823 260 intellectam,
863 210 1008 261 bibere,
1049 213 1238 254 ebrietas
1290 215 1473 255 omnino
1523 229 1547 256 e

139 282 422 330 peccatorum
446 290 630 317 numero
652 278 842 320 delenda
864 286 989 321 esset.

197 346 293 397 652.
327 346 397 386 De
430 349 476 396 4⁰
508 345 699 399 denique
735 355 998 400 argumento
1041 353 1102 402 (n.
1135 349 1255 400 614),
1296 364 1355 390 ex
1396 351 1540 392 verbis

137 413 361 467 Apostoli,
391 426 421 456 Ι.
446 414 544 455 Cor.
568 429 610 455 X.
636 426 700 466 31.
725 416 975 469 desumpto,
1000 417 1125 470 plura
1149 419 1345 459 notanda
1367 425 1481 459 sunt.

195 483 294 534 653.
328 483 386 522 Et
409 482 589 535 quidem
614 483 677 533 (a)
713 484 914 536 quaestio
946 498 1042 525 esse
1064 491 1213 538 potest
1250 492 1397 526 utrum
1431 486 1539 528 haec

136 551 271 592 verba
322 556 607 604 praeceptum
659 552 902 600 enuntient,
953 566 1009 593 an
1061 558 1236 594 tantum
1288 554 1536 596 consilium.

138 619 185 660 S.
208 617 423 659 Thomas1
446 619 598 671 utique
635 618 691 659 de
714 620 764 660 iis
796 620 931 661 dicit:
963 624 984 641 “
1003 620 1199 674 Quidam
1229 622 1383 663 dicunt
1416 623 1536 676 quod

135 687 220 728 hoc
262 695 328 727 est
381 686 612 727 consilium
637 701 645 736 ;
696 689 773 729 sed
816 689 900 729 hoc
942 703 1031 730 non
1074 696 1140 730 est
1191 691 1379 732 verum.''
1472 690 1537 730 At

138 755 180 796 S.
205 753 535 795 Bonaventura2
556 768 643 795 non
668 756 811 797 minus
834 757 996 798 diserte
1026 764 1203 799 textum
1226 759 1540 812 interpretatur

136 829 184 864 ut
207 822 449 864 consilium.

195 891 290 943 654.
325 891 501 931 Deinde
527 891 588 944 (b)
613 892 647 932 si
671 893 769 945 quis
792 894 1057 935 auctoritate
1076 894 1117 936 S.
1137 894 1339 936 Thomae
1361 896 1541 937 innixus

133 966 417 1013 praeceptum
448 960 490 999 in
522 960 589 1000 his
610 962 754 1001 verbis
776 963 990 1002 contineri
1012 964 1226 1016 agnoscit,
1250 965 1384 1004 etiam
1417 979 1541 1019 prae-

133 1029 249 1081 cepti
271 1027 617 1081 explicationem
639 1029 696 1069 ab
718 1031 873 1070 eodem
907 1030 949 1071 S.
966 1030 1167 1071 Doctore
1195 1046 1367 1072 sumere
1393 1033 1539 1073 debet.

133 1096 291 1149 Neque
325 1097 454 1145 enim,
487 1103 534 1137 ut
564 1097 879 1138 animadvertit
908 1098 1147 1148 Ballerini,³
1182 1100 1358 1152 probari
1390 1107 1539 1154 potest

133 1165 410 1218 quorundam
434 1166 595 1218 agendi
620 1167 789 1215 moduS,
811 1167 898 1219 qui,
922 1167 1172 1220 disparatas
1196 1168 1240 1209 S.
1264 1168 1467 1210 Thomae
1490 1176 1532 1210 et

133 1235 175 1276 S.
201 1234 538 1275 Bonaventurae
561 1235 946 1289 interpretationes
969 1237 1013 1276 in
1046 1250 1184 1278 unum
1207 1238 1536 1291 permiscentes,

130 1303 231 1344 hinc
253 1303 432 1356 quidem
455 1304 589 1344 verba
610 1303 822 1357 Apostoli
845 1318 945 1345 cum
971 1304 1017 1346 S.
1040 1305 1218 1346 Thoma
1246 1307 1303 1346 ad
1326 1320 1534 1360 praecep-

131 1378 226 1413 tum
250 1378 475 1422 revocant,
500 1373 603 1412 inde
624 1386 728 1413 vero
759 1374 982 1427 praecepti
1005 1373 1135 1427 hujus
1168 1375 1383 1415 rationem
1407 1375 1450 1416 in
1483 1390 1536 1417 eo

130 1438 350 1479 collocant
391 1439 511 1492 quod
555 1438 602 1480 S.
646 1439 961 1480 Bonaventura
1012 1439 1217 1481 tradebat
1268 1447 1443 1482 tantum
1488 1449 1537 1484 ut

130 1507 354 1549 consilium
378 1521 522 1561 neque
557 1507 770 1560 exigebat
792 1508 874 1548 nisi
897 1508 953 1548 ad
977 1509 1194 1549 rationem
1217 1510 1378 1561 meriti,
1402 1516 1536 1565 atque

129 1589 221 1617 rem
245 1576 306 1617 ita
328 1577 557 1616 adducunt
580 1583 628 1616 ut
650 1576 727 1616 vix
750 1576 933 1617 inveniri
960 1577 1180 1631 quispiam
1204 1579 1344 1631 possit
1368 1581 1455 1632 qui,
1476 1581 1537 1621 ob

128 1645 338 1686 omissam
371 1644 485 1684 hanc
517 1658 701 1698 operum
736 1645 995 1685 relationem
1029 1646 1072 1686 in
1097 1645 1259 1695 Deum,
1297 1647 1530 1702 multiplici

128 1727 175 1754 se
197 1720 319 1754 reatu
343 1713 543 1767 quotidie
579 1720 622 1753 et
655 1714 822 1767 passim
857 1727 945 1754 non
968 1714 1182 1767 inquinet,
1204 1715 1267 1755 uti
1300 1716 1444 1769 reipsa
1468 1723 1532 1772 (et

128 1795 234 1823 sane
256 1782 561 1834 cohaerenter)
585 1781 804 1822 conclusit
827 1781 1115 1835 Gazzaniga.4

185 1850 282 1901 655.
316 1850 469 1902 Atque
507 1850 565 1904 (c)
600 1864 659 1890 ex
692 1851 743 1890 iis
778 1865 893 1904 quae
936 1850 980 1892 S.
1015 1849 1277 1904 Alphonsus
1319 1852 1362 1892 in
1404 1853 1531 1895 initio

126 1917 364 1959 Tractatus
395 1919 446 1958 de
465 1918 649 1959 Actibus
680 1918 924 1959 Humanis⁵
946 1919 1132 1973 scripsit,
1165 1922 1291 1960 “non
1324 1923 1531 1964 receden-

125 1987 233 2027 dum
267 1992 375 2040 puto
397 2001 422 2027 a
444 2000 552 2027 sana
584 1987 793 2027 Doctoris
816 1986 1024 2040 Angelici
1056 1987 1257 2028 doctrina
1278 1989 1352 2029 ubi
1374 1989 1526 2031 haberi

124 2062 284 2109 potest,
300 2056 395 2109 ipso
412 2056 528 2095 enim
552 2056 664 2096 duce
687 2056 730 2095 in
754 2055 883 2096 rebus
899 2055 1161 2109 theologicis
1179 2055 1394 2098 inoffenso
1411 2059 1526 2111 pede

124 2122 411 2173 ambulatur‚’'
425 2124 672 2164 cavendum
695 2130 761 2164 est
784 2137 838 2164 ne
860 2130 1091 2165 censeatur
1114 2124 1157 2165 S.
1174 2123 1459 2178 Alphonsum
1483 2127 1526 2168 in

123 2192 207 2234 hoc
239 2198 475 2246 praecepto
507 2193 775 2246 exponendo
796 2193 1064 2233 sententiam
1087 2192 1292 2246 Angelici
1319 2193 1530 2236 Doctoris

124 2262 267 2314 reipsa
281 2261 508 2302 exhibere.
551 2262 731 2302 Etenim
747 2261 819 2302 ille
833 2267 1008 2303 textum
1032 2261 1235 2317 Apostoli
1250 2263 1526 2318 interpretari

295 2387 307 2407 1
325 2388 367 2418 ln
389 2388 502 2418 Coloss.
525 2388 610 2428 Cap.
627 2395 656 2426 3.
676 2388 767 2419 Lect.
789 2395 820 2428 3.

295 2431 308 2450 2
324 2431 368 2461 ln
385 2439 414 2460 2.
430 2431 517 2461 Sent.
569 2431 656 2462 Dist.
671 2439 724 2470 41.
740 2436 802 2462 art.
828 2430 850 2462 i.
865 2435 992 2472 quaest.
1011 2439 1042 2473 3.

295 2474 308 2493 3
324 2474 403 2504 Vid.
423 2474 526 2514 Gury,
548 2474 623 2504 Part
642 2475 663 2505 i.
679 2485 713 2506 n.
733 2482 784 2515 30.
803 2479 892 2506 nola.

297 2516 310 2535 ⁴
327 2517 380 2547 Ita
398 2517 566 2555 Ballerini,
586 2517 669 2548 ibid.

324 2561 360 2592 S.
379 2561 582 2602 Alphonsus,
601 2561 677 2592 Lib.
697 2570 725 2593 2.
746 2561 801 2594 Tr.
821 2562 860 2593 de
873 2563 946 2594 Acl.
967 2563 1149 2602 Humanis,
1168 2562 1219 2604 (in
1234 2562 1357 2603 initio).

1375 2617 1407 2659 Q
