1716 2729
159 63 202 90 n.
227 50 311 104 30.]
576 49 628 90 de
645 49 828 91 Actibus
852 49 1090 90 Humanis.
1491 62 1570 103 193

218 175 311 217 544.
346 159 498 219 Atque
521 167 577 207 ad
600 171 914 219 argumentum
938 165 1293 206 confirmandum
1312 166 1568 208 testimonia

157 235 297 275 citant
321 235 401 276 SS.
438 235 630 275 Patrum.
696 233 786 274 Hic
817 234 925 274 satis
963 240 1030 274 est
1067 234 1318 275 exscribere
1354 235 1487 276 verba
1522 235 1565 277 S.

157 302 359 356 Gregorii
398 303 565 355 Magni,
599 302 673 355 qui
712 302 768 342 de
800 301 1034 342 hominum
1067 302 1275 355 operibus
1307 303 1368 343 ait
1386 297 1496 342 :¹—“
1516 304 1563 346 Si

156 377 306 411 autem
343 372 399 411 de
435 370 502 410 his
539 370 751 411 divinitus
789 370 991 411 districte
1022 370 1298 420 discutimur,
1321 371 1420 424 quis
1451 372 1566 413 inter

155 439 241 480 ista
264 445 462 479 remanet
484 438 638 478 salutis
670 437 792 478 locus
812 452 821 489 ;
853 439 1033 491 quando
1055 445 1100 479 et
1122 439 1240 479 mala
1271 445 1423 480 nostra
1455 454 1565 493 pura

156 507 274 548 mala
295 512 409 556 sunt,
432 513 477 547 et
499 507 615 546 bona
637 520 752 559 quae
775 520 855 546 nos
878 506 1041 547 habere
1063 507 1298 556 credimus,
1315 521 1424 560 pura
1446 508 1564 548 bona

154 590 249 617 esse
271 588 553 629 nequaquam
577 582 765 628 possunt
786 575 824 615 ?''

215 653 308 697 545.
339 645 697 697 Argumentatur
733 649 776 684 2⁰
797 658 854 685 ex
878 658 931 685 eo
953 645 1072 698 quod
1097 651 1221 686 actus
1244 645 1359 686 illius
1382 646 1455 698 qui
1479 660 1564 699 vg.

153 713 499 765 eleemosynam,
530 719 715 766 urgente
757 720 1009 767 praecepto,
1047 713 1270 766 largiatur,
1309 715 1469 766 partim
1514 721 1561 754 ut

153 788 392 835 praecepto
424 780 626 831 satisfiat,
648 782 810 834 partim
834 788 882 822 ut
905 795 1065 822 vanam
1089 782 1172 822 sibi
1195 782 1382 835 gloriam
1406 797 1558 823 conse-

153 857 325 904 quatur,
348 851 530 891 omnino
553 850 698 891 malus
729 851 897 891 censeri
930 864 1019 892 non
1053 857 1215 905 potest,
1237 865 1374 904 quum
1406 852 1561 892 melius

151 917 352 971 profecto
388 919 446 959 sit
479 918 541 958 ita
577 931 709 971 agere
745 932 880 972 quam
924 925 1214 973 praeceptum
1258 919 1380 960 nullo
1423 921 1558 961 modo

152 986 407 1040 adimplere.

211 1055 306 1106 546.
338 1055 497 1096 Altera
528 1069 633 1096 vero
665 1056 900 1105 sententia,
923 1070 1037 1110 quae
1068 1057 1250 1109 quidem
1284 1056 1416 1109 longe
1438 1071 1557 1097 com-

153 1123 327 1164 munior
347 1130 414 1164 est
435 1121 776 1178 theologorum}
796 1131 931 1177 atque
952 1125 1135 1165 omnino
1156 1126 1351 1166 tenenda
1372 1125 1561 1174 videtur,

151 1199 286 1245 negat
321 1199 469 1233 actum
506 1207 637 1246 posse
669 1193 801 1235 simul
839 1195 1007 1234 bonum
1045 1207 1142 1233 esse
1175 1200 1219 1234 et
1253 1193 1433 1243 malum,
1464 1195 1556 1236 sive

151 1267 310 1314 agatur
331 1262 386 1301 de
407 1261 495 1301 fine
517 1261 650 1311 malo,
673 1263 765 1303 sive
787 1263 843 1303 de
866 1262 983 1302 mala
1006 1263 1351 1303 circumstantia.

213 1338 306 1381 547.
338 1329 729 1383 Argumentantur
761 1331 862 1371 AA.
894 1331 1143 1371 sententiae
1176 1331 1306 1384 hujus
1350 1335 1389 1371 10
1418 1345 1477 1373 ex
1509 1332 1557 1374 S.

151 1397 390 1452 Scripturis
408 1402 500 1438 2—-“
517 1399 747 1439 Modicum
804 1399 1110 1449 fermentum‚'’
1162 1400 1224 1440 ait
1275 1400 1557 1454 Apostolus,3

147 1470 324 1508 “totam
349 1481 541 1508 massam
565 1468 856 1522 corrumpit.’'
917 1468 1126 1521 Jamvero
1148 1469 1329 1510 nomine
1347 1469 1551 1511 fermenti

145 1535 407 1589 interpretes
422 1536 529 1576 satis
545 1534 843 1577 communiter
856 1536 928 1577 hic
951 1537 1206 1590 intelligunt
1227 1537 1296 1577 vel
1320 1539 1550 1579 minimam

143 1603 438 1645 intentionem
461 1618 643 1658 pravam
662 1620 670 1645 :
703 1604 812 1646 haec
834 1605 966 1658 igitur
988 1607 1211 1646 censenda
1234 1612 1300 1647 est
1323 1607 1553 1649 destruere

143 1671 390 1714 bonitatem
412 1672 606 1726 cujusvis
628 1673 785 1726 operis,
807 1675 1096 1727 quantumvis
1119 1688 1176 1714 ex
1198 1688 1245 1714 se
1267 1674 1403 1716 boni.4

203 1743 296 1792 548.
329 1742 490 1795 Neque
521 1741 683 1782 desunt
714 1742 973 1783 testimonia
1005 1742 1086 1784 SS.
1122 1743 1409 1785 Patrum:—“
1425 1745 1547 1786 Nihil

141 1809 228 1850 dici
251 1816 399 1863 potest
430 1808 705 1859 absurdius,’'
737 1811 799 1851 ait
833 1811 874 1853 S.
898 1810 1210 1864 AugustinuS‚⁵
1240 1815 1411 1866 “quam
1434 1828 1547 1868 opus

139 1878 321 1931 aliquod
344 1892 439 1919 esse
462 1879 592 1919 simul
610 1879 782 1932 justum
807 1886 851 1920 et
872 1880 1123 1933 injustum.’'

200 1955 295 1999 549.
328 1946 482 2000 Atque
519 1947 605 1988 huc
637 1948 816 2001 insuper
846 1954 1019 2001 spectat
1056 1948 1391 1991 celeberrimum
1423 1950 1545 2000 illud,

138 2016 259 2069 quod
305 2015 479 2068 jamdiu
531 2016 574 2056 in
615 2016 798 2058 axioma
842 2016 1094 2058 scholarum
1142 2018 1330 2067 transiit,
1372 2019 1539 2060 dictum

182 2158 281 2190 1Lib.
301 2166 352 2200 35.
403 2160 527 2190 Moral.
555 2160 639 2202 Cap.
664 2161 714 2192 16.

179 2202 193 2222 ‘³
210 2203 289 2233 Vid.
307 2213 377 2243 v.g.
396 2202 528 2241 Suarez,
554 2204 612 2235 Tr.
637 2205 676 2235 de
689 2205 844 2236 Bonitate
855 2211 885 2236 et
906 2207 1044 2237 Malitia
1068 2208 1143 2238 Act.
1163 2208 1415 2247 Humanarum,
1436 2211 1538 2253 Disp.

135 2244 168 2276 8.
186 2251 265 2277 sect.
286 2254 312 2278 1.
334 2246 412 2284 (Ed.
432 2246 544 2284 Vives,
563 2248 661 2279 Tom.
677 2258 710 2288 4.
729 2259 763 2290 p.
780 2248 872 2289 401.)
891 2261 900 2288 ;
931 2250 989 2280 Tr.
1005 2251 1043 2281 de
1067 2251 1198 2288 Gratia,
1219 2252 1294 2282 Lib.
1318 2261 1366 2283 12.
1384 2253 1465 2295 Cap.
1487 2256 1530 2287 iv.

134 2299 168 2320 n.
184 2289 216 2320 6.
237 2288 315 2329 (Ed.
334 2290 446 2327 Vives,
465 2290 563 2321 Tom.
587 2299 635 2322 10.
663 2302 694 2333 p.
721 2292 800 2333 22);
833 2293 990 2334 Esparza,
1018 2293 1095 2324 Lib.
1112 2302 1142 2334 3.
1168 2296 1221 2325 De
1245 2297 1318 2326 Art.
1348 2297 1530 2333 Humanis,

135 2333 273 2373 Quaest.
293 2331 353 2366 28:
372 2333 536 2374 Vasquez,
554 2333 588 2365 in
610 2342 638 2365 1.
657 2343 686 2366 2.
704 2335 741 2366 S.
767 2336 917 2373 77mmae,
937 2337 1036 2378 Disp.
1056 2344 1107 2377 70.
1123 2348 1198 2378 cap.
1218 2346 1257 2375 2;
1277 2341 1398 2376 Gonet,
1422 2341 1479 2372 Tr.
1497 2344 1536 2373 de

132 2377 324 2408 stloralt‘tate
337 2377 411 2407 Act.
430 2377 683 2416 Humanarum,
706 2379 801 2421 Disp.
820 2389 853 2419 4.
873 2387 935 2411 art.
961 2388 988 2412 1.

176 2421 189 2440 3
208 2429 220 2451 1
241 2420 319 2451 Cor.
335 2431 366 2451 ν.
386 2420 417 2451 6.

174 2463 188 2484 4
204 2464 425 2502 Vid.Alasia,
452 2464 507 2494 Tr.
525 2464 563 2494 de
576 2465 652 2495 Act.
669 2466 856 2504 fflmmnis,
875 2466 966 2498 Diss.
986 2467 1007 2498 i.
1026 2478 1102 2510 cap.
1119 2479 1149 2499 v.
1166 2473 1228 2500 art.
1247 2469 1282 2500 ii.
1304 2469 1316 2510 ᾧ
1334 2479 1367 2509 4.
1386 2481 1416 2502 n.
1439 2479 1491 2503 21.

174 2506 187 2527 ⁵
202 2507 273 2538 Lib.
290 2513 401 2538 contra
420 2508 646 2546 (Mendacium,
664 2508 749 2551 Cap.
769 2516 821 2551 15.

1374 2568 1404 2599 O
