1716 2729
160 88 214 138 56
741 86 969 128 Tractatus
1373 87 1548 141 [GURY,

155 203 353 252 actionis,
381 202 517 255 (quod
554 216 658 243 sane
689 209 804 243 esset
829 216 887 243 ex
922 202 1026 243 odio
1056 208 1132 242 aut
1166 202 1362 244 vindicta
1384 202 1546 257 agere),

157 271 286 310 liceat
321 284 423 311 vero
454 284 552 311 eam
589 271 802 310 intendere
831 277 880 311 ut
913 271 1112 321 medium,
1145 277 1362 323 quatenus
1408 271 1550 323 reipsa

158 339 352 378 medium
375 345 452 387 est,
474 352 579 378 suae
600 339 716 378 vitae
739 337 1093 379 conservandae.1
1153 338 1353 391 Quorum
1376 345 1551 379 senten·

156 407 244 446 tiae
265 406 462 459 profecto
484 407 592 446 illud
610 406 738 456 favet,
756 406 875 458 quod
890 406 933 446 in
956 407 1178 446 communi
1197 421 1276 446 usu
1291 406 1540 447 scholarum

158 480 290 526 atque
312 475 367 514 ab
391 475 486 527 ipso
504 474 636 514 etiam
655 474 874 527 Angelico
892 473 1100 523 Doctore,
1115 479 1239 514 actus
1256 475 1284 514 ii
1300 473 1554 523 voluntatis,

157 556 343 595 quorum
366 542 475 582 alter
496 543 703 596 proponit
713 542 852 595 finem
885 542 1223 594 assequendum,
1255 542 1366 582 alter
1396 542 1552 583 statuit

158 609 345 650 mediam
379 610 692 659 adhibendum,
715 610 776 650 ita
807 610 1151 662 distinguuntur,
1185 617 1233 650 ut
1265 612 1392 663 prior,
1423 612 1548 664 isque

155 680 284 729 solus,
337 679 508 720 dicatur
558 678 745 727 intentio,
791 679 900 718 alter
940 691 1043 718 vero
1093 678 1230 718 electio
1280 677 1555 733 appelletur.²

156 747 288 800 Quod
311 749 345 787 si
383 754 585 800 nequeat,
621 754 670 787 ut
705 747 800 787 aliis
835 748 1020 796 videtur,
1055 746 1255 788 doctrina
1278 747 1321 789 S.
1346 748 1549 789 Thomae

155 816 339 868 intelligi
362 816 443 855 nisi
467 830 518 855 eo
551 829 680 855 sensu
713 828 801 867 quo
832 813 1119 864 Thomistae,3
1141 822 1188 855 ut
1219 829 1351 869 supra
1381 830 1421 858 n.
1459 826 1549 869 147.

154 884 356 933 vidimus,
408 884 514 924 satis
563 885 857 924 communiter
907 897 1004 924 eam
1057 891 1303 937 exponunt,
1353 890 1551 926 attamen

154 952 390 992 dicendum
432 952 616 1001 videtur,
654 965 753 992 cum
796 953 1016 992 sententia
1056 953 1241 993 aliorum
1283 953 1375 994 TT.
1422 954 1553 1008 longe

155 1020 469 1069 communiore,
512 1020 618 1060 nihil
655 1019 793 1060 illiciti
837 1021 880 1060 in
921 1020 1176 1072 hujusmodi
1219 1027 1320 1062 actu
1357 1023 1552 1071 inveniri,

155 1088 399 1128 dummodo
431 1095 629 1128 caeterae
665 1089 814 1129 adsint
842 1089 1119 1129 conditiones
1140 1090 1211 1130 hic
1233 1092 1464 1144 expositae
1501 1106 1552 1132 ac

154 1156 456 1208 exponendae.
521 1157 742 1209 Namque,
766 1163 814 1196 ut
837 1156 907 1196 De
931 1156 1088 1211 Lug&
1104 1160 1406 1208 quaestionem
1429 1160 1549 1201 illam

156 1237 396 1276 exponens,
429 1238 521 1265 rem
555 1225 686 1278 plane
718 1224 906 1274 conficit,
939 1226 1020 1266 “id
1058 1227 1284 1268 intendere
1319 1241 1552 1281 possumus

154 1291 274 1343 quod
298 1292 593 1332 necessarium
619 1298 686 1332 est
709 1294 764 1333 ad
787 1293 904 1333 vitae
922 1300 1098 1334 nostrae
1114 1295 1414 1336 defensionem
1436 1311 1444 1335 :
1475 1298 1551 1337 sed

155 1360 399 1400 necessaria
451 1367 516 1400 est
563 1374 679 1400 mors
722 1362 968 1411 adversarii,
1010 1363 1085 1415 qui
1136 1370 1316 1416 propter
1355 1365 1549 1404 animum

153 1427 425 1467 obstinatum
450 1441 537 1468 non
560 1429 732 1469 desistit
754 1443 777 1468 a
801 1435 845 1469 te
867 1429 1118 1470 invadendo
1142 1464 1149 1471 .
1214 1431 1295 1471 nisi
1316 1433 1525 1472 moriatur
1544 1447 1552 1473 :

153 1508 258 1547 ergo
280 1495 507 1536 intendere
528 1497 693 1549 poteris
728 1503 917 1537 mortem
952 1498 1078 1547 illius,
1099 1512 1187 1538 non
1219 1499 1362 1539 solum
1385 1506 1433 1540 ut
1455 1514 1550 1553 per—

156 1562 297 1602 cussio
314 1564 391 1603 sed
415 1564 548 1604 etiam
571 1570 620 1604 ut
642 1577 758 1604 mors
781 1571 857 1613 est,
880 1565 983 1617 quia
1005 1578 1091 1605 non
1114 1566 1251 1615 aliter,
1273 1568 1354 1607 nisi
1372 1574 1420 1608 ut
1435 1582 1551 1609 mors

155 1630 272 1670 utilis
313 1638 379 1671 est
411 1632 466 1671 ad
517 1638 640 1672 tuam
690 1632 892 1673 tutelam.
974 1663 982 1671 .
1060 1664 1069 1672 .
1130 1634 1253 1674 Haec
1299 1650 1396 1689 ergo
1436 1651 1553 1678 mors

156 1699 423 1740 intenditur.-
455 1701 565 1741 sicut
587 1701 662 1753 qui
685 1700 903 1741 abscindit
922 1716 1101 1743 manum
1125 1705 1348 1756 putridam
1371 1714 1549 1760 propter

155 1768 403 1817 sanitatem,
424 1768 614 1808 intendit
635 1770 776 1821 ipsam
799 1769 1110 1810 abscissionem
1134 1770 1328 1812 manus'9

220 1846 307 1887 149.
344 1835 501 1888 Itaque
531 1837 642 1877 sicut
674 1850 804 1889 supra
838 1840 897 1879 (n.
928 1846 1037 1892 143.)
1062 1842 1117 1880 de
1139 1842 1268 1882 tertia
1297 1843 1549 1884 conditione

154 1903 356 1952 vidimus,
379 1903 448 1943 hic
470 1905 525 1944 de
545 1911 703 1956 quarta
725 1905 857 1946 etiam
881 1907 1132 1949 conditione
1154 1911 1437 1950 statuendum
1470 1918 1546 1959 est,

153 1984 250 2010 eam
283 1970 480 2018 profecto
517 1985 602 2012 non
640 1973 701 2012 ita
737 1975 895 2026 requiri
930 1980 978 2014 ut
1011 1977 1151 2028 quivis
1188 1984 1323 2026 actUS,
1356 1992 1407 2018 ea
1440 1979 1547 2020 defi-

151 2039 306 2087 ciente,
345 2038 420 2079 fiat
457 2040 556 2079 ideo
589 2040 777 2080 illicitus.
837 2041 902 2081 At
940 2043 1069 2083 simul
1105 2047 1435 2096 agnoscendum
1468 2053 1546 2096 est,

151 2107 269 2158 quod
293 2120 331 2146 n.
357 2117 446 2158 145.
467 2109 522 2148 de
539 2110 668 2149 tertia
684 2124 862 2163 quoque
876 2111 1129 2152 conditione
1144 2113 1346 2164 vidimus,
1363 2115 1547 2156 nonnul-

152 2174 216 2213 los
234 2180 357 2214 actus
375 2175 548 2216 illicitos
571 2177 661 2217 fieri
676 2192 729 2218 eo
750 2179 868 2231 quod
887 2178 994 2220 haec
1016 2181 1210 2221 conditio
1226 2195 1313 2222 non
1335 2190 1543 2224 servatur.

217 2283 314 2314 ¹Vid.
335 2284 474 2323 Molina,
495 2286 547 2316 De
576 2286 736 2327 Justz'lia,
767 2289 865 2330 Disp.
883 2289 925 2321 xi.
954 2300 1010 2321 nn.
1036 2298 1066 2330 3.
1085 2296 1118 2322 et
1140 2301 1227 2332 seq.;
1254 2292 1467 2331 Haunoldus,
1498 2295 1546 2324 De

153 2326 311 2400 JuZthias
331 2328 429 2401 Τοῖσι.
449 2337 475 2359 1.
493 2329 605 2361 Tract.
618 2331 652 2361 ii.
665 2341 696 2362 n.
714 2331 774 2372 631
790 2338 842 2369 ;et
859 2333 1035 2371 Wndicz'ae,
1050 2334 1210 2365 controv.
1222 2335 1290 2366 lxii.
1306 2346 1361 2368 nn.
1383 2336 1536 2375 267‚268.

276 2381 300 2400 ι(
315 2394 322 2400 .
342 2381 375 2401 m
392 2381 437 2409 ra,
458 2382 492 2402 n.
509 2380 584 2412 433.

216 2413 229 2432 ³
242 2413 320 2444 Vid.
337 2424 398 2455 vg.
422 2414 574 2453 Billuart,
600 2417 656 2447 Tr.
677 2418 713 2448 de
729 2420 801 2449 Act.
826 2419 948 2454 Hum.‚
965 2419 1056 2449 Diss.
1072 2428 1103 2460 3.
1120 2427 1180 2451 art.
1198 2422 1240 2452 vi.
1264 2421 1277 2461 ᾧ
1296 2430 1327 2459 2,
1348 2430 1382 2461 3.

215 2455 290 2487 ⁴l)e
306 2457 457 2497 Juslitia,
478 2458 574 2499 Disp.
593 2468 646 2491 10.
666 2466 744 2492 sect.
764 2462 809 2491 vi.
828 2472 862 2493 n.
886 2470 955 2501 149.
1000 2462 1079 2494 Vid.
1099 2463 1262 2503 Carriere,
1286 2464 1336 2496 De
1348 2465 1498 2506 Justz'tz'a
1513 2469 1542 2495 et

151 2497 257 2537 Jure,
278 2500 366 2531 Part.
394 2501 426 2531 ii.
443 2511 477 2531 n.
503 2500 577 2540 784,
598 2509 681 2542 7943
707 2504 834 2545 Crolly,
860 2505 908 2536 De
922 2505 1063 2545 Justilz'a
1078 2511 1108 2538 et
1128 2507 1229 2547 Jure,
1252 2508 1320 2540 vol.
1338 2508 1385 2540 iii.
1410 2518 1443 2539 n.
1462 2506 1538 2546 1813

150 2541 285 2578 Laloux‚
312 2543 360 2573 De
375 2545 447 2574 Act.
465 2545 650 2582 Hmnanis,
664 2547 754 2578 Diss.
771 2547 801 2579 8.
