1716 2729
122 105 196 132 nn.
226 102 286 142 13,
318 90 399 146 14]
577 91 629 131 de
648 89 831 129 Actibus
852 88 1091 128 Humanis.
1451 98 1525 127 101

183 216 278 259 257.
313 206 670 247 Praenotandum
688 212 755 245 est
773 209 841 244 2⁰:
866 204 947 244 etsi
967 203 1148 243 omnino
1167 202 1530 256 distinguendum

124 282 204 324 est,
243 282 292 316 ut
328 288 460 328 supra
501 274 560 326 (n.
605 273 720 322 216.)
762 273 969 321 vidimus,
994 272 1109 312 inter
1151 271 1444 323 tgnomntz'am
1488 277 1532 310 et

123 344 499 393 inadvertentz‘avz,
525 356 711 396 quarum
750 342 867 395 prior
902 341 1134 381 scientiam
1172 340 1231 379 rei
1255 339 1532 385 habitualem,

123 413 260 453 altera
280 426 384 452 vero
416 411 644 452 scientiam
683 416 858 450 tantum
896 409 1108 449 actualem
1145 407 1356 456 excludit,
1381 414 1531 447 tamen

124 480 373 533 tgnorantz'a
424 479 609 532 alicujus
661 479 733 529 rei,
775 492 851 518 seu
914 477 1115 518 absentia
1167 476 1282 516 illius
1324 476 1533 516 scientiae

121 549 372 598 habitualis,
434 554 618 588 eatenus
689 553 865 587 tantum
938 545 1190 585 voluntario
1262 545 1531 592 adversatur,

124 624 341 672 quatenus
384 617 630 657 necessario
671 629 819 656 secum
863 614 1017 655 afferat
1055 614 1113 654 rei
1159 611 1534 661 z'nadvertentiane,

124 701 200 727 seu
225 686 474 727 absentiam
497 684 708 725 scientiae
729 683 924 724 actualis.
989 683 1149 734 Neque
1185 681 1303 721 enim
1339 681 1533 727 interest,

125 756 244 807 quod
277 754 331 794 ad
364 753 662 793 voluntarium
697 753 870 800 attinet,
895 757 1041 792 utrum
1081 749 1320 790 habitualis
1352 749 1536 790 scientia

125 824 240 864 adsit
263 836 318 863 an
341 836 444 871 non,
470 822 551 861 nisi
575 822 691 862 adsit
720 821 904 862 scientia
932 819 1128 869 actualis,
1151 832 1240 867 seu,
1262 817 1358 858 aliis
1380 817 1536 865 verbis,

126 892 207 932 nisi
239 904 375 945 agens
407 891 460 931 ad
496 903 587 930 rem
625 889 834 930 advertat.
920 888 993 929 Sic
1040 901 1122 940 v.g.
1145 887 1180 927 si
1214 887 1312 939 quis
1344 886 1416 926 die
1458 885 1535 925 ab—

125 960 360 1001 stinentiae
393 972 547 998 carnes
581 959 832 1007 manducat,
856 956 962 997 nihil
996 969 1102 996 sane
1145 956 1201 996 ad
1240 954 1535 995 voluntariam

125 1028 522 1082 transgressionem
546 1026 657 1080 legis
679 1026 850 1067 confert
865 1024 1106 1066 habitualis
1128 1023 1284 1064 notitia
1302 1022 1537 1076 praecepti,

125 1097 371 1137 dummodo
394 1096 448 1135 acl
473 1094 580 1135 illud
603 1095 673 1135 hic
695 1100 738 1135 et
762 1107 876 1134 nunc
900 1107 987 1134 non
1011 1093 1224 1133 advertat.
1287 1091 1389 1131 Vid.
1406 1104 1539 1143 supra

129 1179 172 1207 n.
195 1176 265 1215 42.

186 1235 283 1284 258.
320 1232 679 1273 Praenotandum
703 1238 769 1271 est
808 1236 860 1284 3⁰,
882 1230 954 1270 hic
977 1243 1063 1270 non
1088 1229 1193 1283 poni
1231 1227 1539 1281 quaestionem

125 1307 272 1342 utrum
295 1315 347 1341 ea
369 1314 482 1353 quae
504 1315 561 1340 ex
584 1301 834 1353 ignorantia
856 1299 1091 1353 profluant,
1115 1311 1197 1351 vg.
1221 1297 1539 1338 detrimentum

127 1384 240 1423 quae
272 1369 467 1418 infirmis,
506 1369 795 1422 litigantibus,
832 1374 908 1408 aut
941 1365 1274 1420 poenitentibus
1309 1364 1541 1418 proveniat

127 1453 185 1478 ex
227 1438 476 1491 ignorantia
519 1437 690 1486 medici,
727 1437 900 1489 judicis,
943 1441 1018 1475 aut
1061 1433 1332 1481 confessarii,
1372 1431 1541 1472 censeri

122 1506 320 1547 vdebeant
341 1505 589 1546 voluntaria
612 1505 657 1544 2'72
677 1518 807 1545 causa
827 1503 1082 1556 praeterita,
1105 1515 1221 1555 quae
1243 1507 1336 1541 erat
1359 1499 1541 1540 omissio

127 1574 383 1628 diligentiae
450 1573 630 1613 moralis
696 1571 1051 1626 praemittendae
1103 1571 1159 1610 ad
1221 1569 1538 1622 acquirendam

128 1643 359 1684 scientiam
375 1642 654 1695 requisitam:
670 1642 726 1682 de
747 1655 836 1694 qua
853 1641 1084 1694 questione
1099 1639 1205 1679 satis
1223 1651 1355 1691 supra
1372 1637 1540 1677 dictum

129 1717 196 1752 est
238 1711 281 1750 in
324 1710 602 1764 exponendis
635 1710 687 1749 iis
719 1724 833 1763 quae
875 1709 931 1749 ad
976 1706 1283 1749 Voluntam‘mn
1326 1706 1372 1746 z'n
1413 1718 1543 1745 cansa

130 1777 441 1832 requiruntur.l
522 1778 739 1832 Quaestio
777 1784 928 1819 autem
962 1776 1033 1817 hic
1068 1776 1259 1829 ponitur,
1296 1780 1458 1823 utrum,
1499 1779 1544 1813 et

131 1854 363 1901 quatenuS‚
385 1848 648 1900 ignorantia,
669 1846 881 1900 quamdiu
902 1846 1039 1895 duret,
1060 1845 1210 1886 obstet
1231 1842 1468 1896 quominus
1491 1855 1544 1882 ea

132 1928 246 1967 quae
287 1913 407 1963 fiant,
450 1914 643 1954 debeant
696 1919 797 1953 tunc
844 1911 1094 1953 voluntaria
1145 1909 1325 1950 censeri.
1416 1908 1544 1961 Quae

133 1984 335 2036 quaestio
356 1989 404 2023 ut
427 1996 452 2023 a
473 1983 617 2036 priore
639 1982 797 2023 clarius
820 1986 1085 2029 secernatur,
1110 1978 1345 2019 recolenda
1367 1982 1470 2017 sunt
1493 1990 1545 2016 ea

133 2066 247 2105 quae
284 2066 414 2107 supra
453 2054 516 2100 (n.
544 2064 635 2105 192.
676 2052 889 2093 Resolves
926 2048 995 2103 5⁰.)
1020 2050 1228 2104 exposita
1264 2055 1367 2090 sunt
1400 2049 1455 2089 de
1493 2048 1544 2087 iis

128 2134 248 2174 >quae
269 2135 350 2174 vg.
373 2122 430 2162 ab
452 2122 572 2162 ebrio
601 2120 722 2162 fiant.
788 2120 914 2160 Haec
936 2119 1131 2173 quidem,
1155 2119 1237 2159 etsi
1270 2117 1362 2158 fieri
1394 2122 1545 2170 potest

135 2197 183 2230 ut
204 2190 365 2231 fuerint
386 2190 636 2232 voluntaria
670 2191 714 2230 in
752 2203 886 2230 causa
908 2189 1159 2242 praeterita,
1181 2201 1295 2241 quae
1329 2191 1398 2226 est
1420 2191 1545 2225 actus

138 2260 309 2312 agentis
331 2259 578 2300 voluntarie
612 2272 658 2299 se
695 2259 964 2308 inebriantis,
989 2257 1173 2298 minime
1209 2263 1359 2296 tamen
1391 2253 1545 2293 volun-

138 2327 250 2367 taria
300 2334 416 2378 sunt,
470 2327 552 2367 nisi
593 2332 768 2368 tantum
810 2325 1130 2367 denominative
1170 2324 1324 2376 (ibid),
1365 2322 1546 2374 quando

1517 2438 1560 2445 sd

185 2524 284 2555 ¹Vid.
302 2534 411 2565 supra,
439 2527 500 2554 art.
528 2522 591 2563 2.§
616 2532 647 2563 4.
676 2524 728 2554 De
763 2523 959 2554 Voluntaria
986 2521 1024 2551 in
1047 2522 1166 2557 Causa,
1196 2516 1387 2560 praesertim
1416 2526 1474 2547 un.
1503 2523 1545 2555 92

136 2574 173 2600 ,et
189 2578 259 2608 seq.
