1716 2729
163 74 217 113 28
745 73 972 114 Tractatus
1376 74 1433 129 [G
1441 85 1556 125 URY,

162 187 413 240 aliquando,
460 192 644 240 urgente
686 189 960 237 necessitate,
1003 190 1324 231 rationabiliter
1364 190 1458 242 agit
1499 205 1555 230 ex

161 269 377 295 consensu
425 255 756 308 interpretativo
810 257 1043 309 superioris
1085 258 1290 308 absentis,
1332 272 1464 312 quem
1501 273 1559 298 ex

162 322 257 363 aliis
275 322 371 375 ‘ejus
403 323 573 364 actibus
604 325 843 377 prudenter
873 326 1125 377 praesumit,
1149 327 1184 367 si
1217 328 1402 377 adesset,
1423 341 1474 367 ac
1505 328 1560 367 de

162 404 214 431 ea
235 404 280 431 re
301 392 652 444 interrogaretur,
673 392 894 433 licentiam
916 395 1097 434 omnino
1118 393 1454 436 concessurum.1

220 461 287 510 84.
318 458 627 500 Voluntarium
644 461 730 501 alio
753 475 882 501 sensu
901 461 1270 515 interpretativum
1291 464 1362 504 hic
1383 477 1561 517 quoque

163 534 391 567 recensent
408 528 587 581 quidam
604 528 695 568 TT.
711 529 1032 581 distinguentes
1048 531 1159 571 inter
1177 532 1560 585 interpretativum

162 593 498 635 conditionatum
537 601 579 635 et
612 595 883 636 absolutum.2
942 595 1334 652 Interpretativum
1355 600 1559 640 conditio-

164 668 315 702 natum
338 664 590 716 intelligunt
607 664 714 705 illud
737 668 855 719 quod
879 680 922 708 n.
943 668 1007 718 83.
1023 668 1277 721 expositum
1296 674 1388 709 est:
1423 669 1564 709 condi-

166 733 378 773 tionatum
411 733 572 773 dicitur
602 734 704 786 quia
737 734 780 773 in
812 748 864 774 eo
896 735 1096 775 consistit
1117 736 1234 788 quod
1267 737 1564 788 praesumitur

165 801 474 851 voluntarium,
515 815 602 841 non
655 802 833 854 quidem
884 803 1026 856 reipsa
1065 803 1218 852 adesse,
1260 805 1335 844 sed
1387 810 1561 844 tantum

164 869 319 917 adfore
337 869 371 908 si
394 869 590 910 conditio
612 870 832 922 quaedam
864 870 1190 923 adimpleretur.
1250 871 1561 912 Voluntarium

167 951 270 978 vero
311 938 430 991 quod
473 939 768 991 praesumitur
808 939 946 991 reipsa
987 939 1140 989 adesse,
1181 940 1562 993 interpretativum

167 1006 320 1047 dicunt
341 1005 581 1047 absolutum
598 1027 611 1054 ;
647 1007 904 1060 exemplum
937 1014 1003 1048 est
1025 1007 1067 1047 in
1101 1022 1153 1048 eo
1176 1009 1249 1060 qui
1271 1009 1565 1062 praesumitur

168 1075 424 1122 consentire,
441 1089 494 1115 eo
509 1075 626 1128 quod
646 1089 733 1115 non
749 1075 1027 1117 contradicit.
1093 1076 1250 1129 Itaque
1266 1076 1562 1117 voluntarium

171 1143 542 1195 interpretativum
563 1144 803 1184 absolutum
827 1157 914 1183 non
936 1143 1082 1184 differt
1103 1157 1129 1183 a
1159 1143 1407 1184 voluntario
1429 1144 1566 1193 tacito,

170 1225 302 1264 supra
327 1213 383 1263 (n.
407 1212 496 1262 64.)
519 1212 736 1265 exposito.

230 1283 295 1331 85.
331 1280 535 1332 Denique
567 1286 670 1320 sunt
691 1280 788 1321 TT.
813 1281 887 1333 qui
919 1280 1061 1320 solum
1090 1280 1427 1320 conditionatum
1458 1279 1566 1319 illud

171 1350 564 1402 interpretativum,
575 1363 613 1390 n.
629 1351 653 1389 8
661 1360 695 1400 3.
713 1349 983 1402 expositum,
997 1348 1370 1401 interpretativum
1384 1354 1567 1399 vocant;

172 1424 304 1471 atque
346 1417 586 1458 absolutum
638 1417 1037 1470 interpretativum,
1092 1431 1131 1457 n.
1174 1418 1243 1468 84.
1297 1416 1568 1470 expositum,

171 1492 331 1526 vocant
353 1486 500 1539 potius
521 1483 879 1538 praesumptmn.³

232 1554 296 1596 86.
330 1554 547 1594 Attamen
571 1567 659 1593 non
682 1560 748 1594 est
772 1567 847 1593 cur
868 1553 1078 1593 alterutra
1090 1566 1180 1592 vox
1195 1552 1568 1605 interpretativum

175 1629 250 1664 aut
281 1627 621 1674 praesumptum,
664 1620 927 1660 adhibeatur
967 1621 1023 1659 ad
1066 1633 1202 1660 unum
1245 1619 1392 1672 potius
1435 1633 1568 1672 quam

175 1691 361 1731 alterum
384 1703 442 1728 ex
464 1689 515 1727 iis
552 1688 724 1728 duobus
749 1687 1070 1740 designandum
1094 1701 1103 1737 ;
1135 1693 1320 1740 utraque
1341 1687 1457 1727 enim
1481 1701 1571 1727 vox

176 1758 347 1810 utrique
369 1770 426 1796 ex
449 1756 511 1804 iis,
534 1762 583 1795 ut
606 1770 662 1795 ex
694 1756 822 1795 dictis
844 1755 991 1808 colligi
1022 1760 1180 1808 potest,
1205 1769 1284 1795 suo
1310 1756 1444 1795 modo
1466 1769 1569 1795 con-

175 1826 305 1867 venit.
369 1824 564 1876 Ideoque
592 1837 721 1863 voces
755 1823 903 1876 potius
935 1823 995 1863 sic
1025 1823 1303 1863 adhibendae
1330 1823 1565 1864 videntur:

177 1895 319 1948 primo
347 1893 402 1932 sit
440 1906 583 1931 sermo
619 1892 674 1931 de
709 1891 957 1931 voluntario
987 1890 1308 1942 z'nte7pretativo
1340 1904 1416 1931 seu
1443 1898 1570 1943 prae-

176 1969 372 2015 sumpt0,·
410 1961 568 2001 deinde
604 1960 899 2000 voluntarium
937 1958 1057 2007 illud,
1077 1959 1168 1998 sive
1200 1959 1572 2011 iute7pretativum

176 2032 267 2072 sive
288 2035 611 2082 praesumptum
639 2029 820 2078 dicatur,
853 2027 1150 2080 distinguatur
1178 2027 1221 2066 in
1252 2027 1490 2067 absolutum
1528 2032 1572 2067 et

175 2098 505 2139 conditionatum
522 2115 534 2142 ;
583 2109 769 2148 quorum
821 2096 940 2148 prius
991 2108 1035 2137 n.
1079 2096 1158 2144 84,
1208 2094 1396 2135 alterum
1463 2107 1566 2134 vero

178 2181 216 2207 n.
251 2168 330 2217 83.y
351 2165 604 2218 expositum
634 2163 846 2215 designet.

238 2319 249 2340 1
262 2320 314 2350 De
330 2320 392 2349 hac
409 2329 442 2349 re
458 2318 527 2349 vid.
545 2328 613 2358 v.g.
642 2318 774 2355 Suarez,
794 2318 847 2348 De
861 2318 1035 2357 RAigione,
1063 2316 1176 2346 Tract.
1204 2321 1234 2354 7.
1254 2315 1312 2346 lib.
1332 2315 1401 2346 viii.
1420 2324 1494 2353 cap.
1518 2322 1569 2345 11.

181 2363 259 2402 (Ed.
277 2363 389 2399 Vives,
408 2362 507 2392 Tom.
529 2364 590 2401 15.)
605 2370 612 2398 ;
632 2361 685 2391 De
699 2361 804 2401 Lugo,
829 2361 932 2391 Tracl.
948 2361 986 2390 de
999 2359 1147 2401 Justitia
1162 2363 1191 2389 et
1203 2359 1305 2399 Jure,
1326 2359 1423 2399 Disp.
1443 2366 1472 2397 3.
1491 2361 1573 2388 sect.

180 2413 196 2445 7
214 2416 221 2442 ;
242 2406 339 2447 Disp.
360 2414 411 2436 21.
430 2410 507 2436 sect.
527 2405 571 2434 iv.
590 2415 622 2434 n.
643 2404 708 2444 563
728 2403 883 2441 &anchei
906 2404 948 2434 ln
966 2403 1092 2441 Decal.,
1108 2402 1166 2433 lib.
1188 2409 1217 2441 7.
1237 2412 1310 2442 cap.
1333 2410 1394 2442 19;
1416 2401 1570 2437 Gormaz,

194 2450 300 2480 Tract.
319 2449 356 2479 de
371 2452 443 2479 Act.
464 2448 648 2484 Humanis,
669 2447 766 2488 Disp.
787 2447 816 2478 6.
838 2455 919 2477 sect.
939 2454 969 2476 2.

239 2493 253 2512 2
266 2493 317 2523 Ita
334 2502 403 2532 v.g.
426 2491 653 2528 Reiffenstuel,
683 2491 789 2521 Theol.
807 2490 960 2526 Moraltssn
980 2489 1092 2519 Tract.
1114 2496 1142 2519 1.
1157 2488 1234 2519 dist.
1253 2488 1276 2518 i.
1294 2498 1328 2519 n.
1346 2486 1379 2518 8.

237 2535 251 2555 3
264 2535 316 2566 Ita
333 2545 402 2576 v.g.
422 2533 568 2575 Struggl,
594 2534 699 2564 Meol.
719 2534 870 2571 Mor-alis,
892 2533 1003 2563 Tract.
1026 2540 1054 2563 1.
1074 2537 1202 2572 quaest,
1221 2532 1243 2561 i.
1258 2541 1292 2561 n.
1311 2539 1363 2561 20.
