1716 2729
181 94 238 142 48
768 92 997 134 Tractatus
1402 95 1583 148 [GURY,

184 206 339 255 buerit,
381 220 433 247 eo
475 207 688 248 abusuros
730 222 825 249 esse
866 210 922 249 ad
965 223 1013 249 se
1054 210 1334 250 inebriandos
1376 210 1578 262 (effectus

182 276 378 328 malus)?
426 276 544 316 Num
568 277 696 317 liceat
721 278 847 317 uxori
873 278 1057 318 Missam
1079 279 1150 319 die
1173 278 1286 319 festo
1308 278 1576 319 audiendam

181 344 532 396 praetermittere
567 346 746 397 (causa),
779 345 1045 398 posthabitis
1083 346 1310 386 Ecclesiae
1345 354 1584 399 praecepto

181 425 233 452 ac
268 412 420 464 gratiis
457 426 514 452 ex
540 413 676 452 Missa
709 414 861 453 audita
895 414 1161 466 accipiendis
1186 414 1383 464 (effectus
1405 416 1583 464 malus),

181 486 230 519 ut
250 480 313 520 sic
336 480 534 532 (effectus
557 480 706 532 bonus)
738 481 1036 533 impediantur
1066 489 1248 535 peccata
1280 484 1424 524 mariti
1446 497 1578 536 quem

180 548 480 601 blasphemias
504 549 766 588 emissurum
790 550 1046 601 praevideat
1067 550 1102 590 si
1126 551 1222 602 ipsa
1244 564 1267 590 e
1288 550 1424 591 domo
1447 558 1580 592 exeat

181 617 238 656 ad
262 617 446 656 Missam
471 617 770 656 audiendam?
830 616 906 656 An
940 617 1069 657 liceat
1106 618 1234 658 alicui
1271 619 1479 670 glandem
1520 633 1578 660 ex

182 685 383 738 sclopeto
406 685 448 724 in
472 685 511 724 in
515 685 686 736 justum
707 685 825 724 vitae
845 698 1149 737 aggressorem
1172 686 1374 727 emittere
1406 687 1580 740 (causa),

180 756 241 795 ita
292 761 351 803 ut,
404 767 661 806 aggressore
712 753 857 793 occiso
902 753 1104 805 (effectus
1156 754 1327 805 malus),
1379 756 1473 807 ipse
1514 755 1578 794 in-

182 823 368 864 columis
404 821 602 873 (effectus
626 821 774 874 bonus)
798 822 990 861 evadat?

243 899 333 941 125.
374 890 448 929 Ex
484 890 642 942 quibus
677 897 801 943 patet
838 890 1100 943 principium
1134 892 1191 931 de
1222 905 1310 945 quo
1342 892 1411 932 hic
1433 893 1579 945 agitur

183 959 402 1011 ejusmodi
426 972 520 998 esse
543 958 704 998 debere
726 959 844 1010 quod
868 959 1064 999 adhiberi
1087 960 1227 1012 possit
1243 959 1307 1013 (a)
1324 961 1416 1000 sive
1437 974 1579 1008 causa,

181 1028 237 1067 de
272 1040 358 1078 qua
390 1032 559 1078 agatur,
582 1026 638 1065 sit
675 1026 839 1078 aliquid
865 1026 1027 1077 facere,
1064 1034 1112 1068 ut
1143 1042 1226 1080 ug.
1263 1029 1414 1068 vinum
1452 1028 1578 1068 alicui

179 1098 405 1148 praebere,
449 1094 614 1134 bellurn
654 1095 774 1143 inire,
806 1101 916 1145 etc.;
949 1096 1039 1135 sive
1075 1096 1130 1136 sit
1171 1096 1336 1149 aliquid
1373 1096 1578 1144 omittere,

179 1169 227 1204 ut
248 1176 325 1216 vg.
352 1163 535 1202 Missam
560 1176 647 1202 non
671 1163 834 1203 audire.
915 1164 1029 1203 Item
1055 1164 1113 1216 (b)
1134 1165 1226 1204 sive
1259 1164 1315 1204 sit
1345 1178 1473 1204 causa
1500 1171 1582 1216 per

176 1246 229 1280 se,
246 1238 295 1271 ut
317 1244 395 1282 vg.
419 1230 627 1282 glandem
667 1244 724 1270 ex
762 1230 960 1284 sclopeto
990 1232 1032 1270 in
1065 1231 1256 1284 aliquem
1293 1232 1494 1272 emittere
1517 1232 1577 1270 ita

181 1306 230 1340 ut
252 1299 506 1348 occidatur;
541 1299 631 1338 sive
669 1299 726 1338 sit
761 1313 889 1339 causa
913 1307 995 1352 per
1028 1300 1228 1348 accidens,
1257 1307 1305 1340 ut
1338 1313 1418 1352 vg.
1443 1313 1579 1352 quum

178 1380 321 1419 caupo
357 1366 541 1419 praebet
575 1366 726 1406 vinum
765 1381 853 1419 quo
886 1367 1087 1420 hospites
1122 1368 1179 1407 ad
1217 1381 1263 1407 se
1299 1367 1582 1408 inebriandos

178 1436 434 1475 abutuntur.
497 1434 703 1487 Denique
743 1434 797 1489 (c)
834 1436 1277 1476 animadvertendum
1301 1441 1368 1475 est
1387 1435 1459 1475 hic
1494 1448 1580 1474 non

178 1516 273 1543 esse
302 1515 552 1542 sermonem
582 1502 638 1541 de
673 1502 791 1542 bono
827 1509 905 1543 aut
941 1504 1060 1543 malo
1081 1509 1257 1543 tantum
1280 1502 1438 1543 morali
1451 1518 1469 1550 ,·
1502 1503 1581 1543 sed

178 1570 235 1610 de
270 1570 388 1610 bono
426 1576 502 1610 aut
541 1568 658 1608 malo
691 1571 782 1609 sive
823 1571 983 1610 morali
1021 1571 1111 1611 sive
1141 1570 1328 1622 physico.
1390 1570 1465 1611 Sic
1496 1583 1575 1622 v.g.

178 1637 359 1677 effectus
401 1637 556 1685 bonus,
598 1637 653 1676 de
695 1650 783 1688 quo
823 1638 980 1690 agitur,
1022 1637 1265 1690 aliquando
1307 1643 1373 1677 est
1413 1637 1579 1678 bonum

177 1704 436 1757 temporale,
479 1710 527 1743 ut
570 1704 611 1742 in
665 1704 874 1756 exemplo
925 1706 1169 1758 cauponis;
1221 1706 1463 1757 aliquando
1515 1711 1583 1745 est

179 1772 346 1811 bonum
369 1771 608 1822 spirituale,
634 1777 682 1811 ut
705 1772 748 1810 in
771 1773 980 1826 exemplo
1014 1773 1165 1812 uxoris
1191 1773 1265 1826 qui
1288 1774 1409 1813 domi
1432 1778 1582 1813 manet

180 1853 235 1879 ne
259 1839 413 1879 exiens
436 1839 595 1878 marito
617 1839 827 1891 praebeat
849 1842 1126 1882 occasionem
1150 1840 1498 1894 blasphemandi.

241 1907 331 1947 126.
366 1906 451 1945 His
485 1907 616 1958 igitur
638 1909 900 1959 praemissis,
933 1910 1227 1962 exponendae
1258 1914 1360 1948 sunt
1391 1914 1581 1961 quatuor

181 1975 460 2015 conditiones
492 1989 530 2015 n.
561 1987 653 2016 122.
677 1977 928 2025 recensitae,
959 1984 1093 2030 atque
1125 1978 1480 2030 investigandum
1513 1982 1581 2017 est

177 2049 397 2096 quatenus
422 2043 564 2095 reipsa
586 2045 870 2096 requirantur.

244 2120 332 2162 127.
369 2111 526 2163 Itaque
557 2111 706 2162 primo
746 2113 956 2153 statuitur
1006 2113 1146 2165 ipsam
1201 2128 1374 2154 causam
1416 2115 1577 2156 debere

175 2179 329 2219 bonam
352 2191 446 2217 esse
468 2177 537 2217 vel
559 2178 716 2219 saltem
739 2180 1060 2231 indifferentem,
1083 2194 1158 2220 seu
1181 2182 1276 2221 aliis
1297 2183 1440 2222 verbis
1464 2183 1577 2235 ejus-

176 2247 297 2286 modi
333 2259 445 2299 quae
482 2246 589 2285 nulli
627 2247 712 2299 legi
746 2249 1012 2290 adversetur.
1074 2249 1231 2301 Neque
1273 2251 1401 2300 enim,
1435 2258 1483 2291 ut
1516 2265 1574 2291 ex

176 2316 322 2355 verbis
347 2321 482 2367 patet,
518 2322 664 2367 potest
698 2317 898 2369 quaestio
920 2317 990 2356 hic
1013 2330 1107 2356 esse
1131 2318 1212 2357 nisi
1235 2319 1292 2358 de
1312 2333 1444 2359 causa
1465 2332 1578 2371 quae

176 2384 219 2422 in
242 2398 290 2423 se
314 2389 514 2436 spectata
538 2383 695 2423 saltem
733 2384 996 2433 indifferens,
1019 2391 1063 2424 et
1087 2385 1186 2424 ideo
1218 2385 1349 2437 licita,
1372 2388 1438 2426 sit.
1503 2387 1575 2426 De

174 2451 257 2492 hac
281 2452 416 2504 igitur
437 2452 578 2504 prima
601 2452 853 2492 conditione
875 2452 1058 2492 dubium
1084 2467 1178 2493 esse
1201 2468 1287 2494 non
1310 2460 1470 2508 potest.

239 2524 329 2563 128.
364 2522 550 2575 Insuper
584 2523 760 2563 secundo
799 2525 875 2563 vix
911 2537 1022 2576 opus
1061 2531 1125 2565 est
1163 2533 1211 2566 ut
1248 2528 1574 2567 demonstretur
