1716 2729
127 103 198 132 nn.
221 92 274 131 28
296 105 305 142 ;
329 102 394 143 31,
418 91 501 146 32]
552 92 604 132 de
622 90 804 132 Actibus
824 90 1060 131 Humanis.
1443 98 1524 138 213

126 207 333 247 omnibus
381 208 454 260 qui
496 206 828 260 praeconceptis
877 205 1160 258 opinionibus
1202 211 1337 258 atque
1378 203 1526 245 studio

129 275 321 328 partium
373 276 589 328 sepositis,
637 288 735 315 eam
787 273 976 314 candide
1027 273 1381 326 investigandam
1435 286 1528 311 sus-

129 344 340 396 ciperent.
403 344 559 397 Neque
581 343 697 384 enim
730 343 839 382 haec
873 348 939 383 est
980 341 1195 395 obligatio
1237 355 1350 394 quae
1391 353 1529 381 unum

128 417 305 452 tantum
347 418 424 452 aut
465 412 651 453 alterum
694 411 921 452 hominem
958 410 1245 451 hominumve
1286 422 1424 462 genus
1467 422 1532 448 re-

128 485 312 538 spiciat:
356 484 665 538 complectitur
702 483 818 523 enim
851 495 1017 531 omnes,
1063 487 1197 533 atque
1240 480 1282 519 in
1326 479 1533 520 omnibus

132 554 307 606 respicit
349 553 543 605 singulos
585 551 674 592 fere
715 558 838 592 actus
882 563 1046 591 eorum.
1122 549 1330 601 Jamvero
1370 547 1535 587 censeri

127 621 285 674 nequit
308 620 455 661 Deum
477 620 795 673 obligationem
818 617 1075 671 hujusmodi
1100 616 1375 670 imposuisse,
1391 615 1474 654 nisi
1493 615 1536 654 id

126 689 375 729 trationibus
407 689 588 729 omnino
622 688 774 728 solidis
806 693 995 728 constet.
1070 686 1267 737 Ideoque
1301 683 1537 732 Scotistae,

127 757 252 799 'haud
289 771 395 798 sane
432 757 654 798 immerito
690 756 929 796 inferentes
967 753 1150 807 perinde
1188 767 1295 802 esse,
1325 752 1445 804 quod
1484 751 1539 791 ad

133 826 247 866 hanc
269 825 587 878 obligationem
621 825 791 874 attinet,
816 837 902 864 non
927 836 1057 876 posse
1079 820 1386 869 demonstrari,
1408 825 1542 872 atque

133 894 277 947 reipsa
299 907 386 934 non
409 894 611 943 existere,
633 893 903 934 sententiam
928 905 1055 931 suam
1079 890 1275 931 stabilire
1297 889 1542 943 suscipiunt

130 964 376 1004 evertendo
401 969 664 1016 argumenta
686 959 1033 1003 Thomistarum.

195 1033 297 1074 618.
333 1033 493 1085 Itaque
515 1033 572 1073 ad
601 1037 651 1073 1¹¹¹
675 1037 988 1085 argumentum
1013 1028 1349 1069 Thomistarum
1373 1027 1547 1067 duobus

137 1101 281 1141 modis
333 1101 616 1155 respondent,
658 1104 696 1140 1O
738 1100 945 1153 negando
998 1097 1215 1151 majorem,
1253 1099 1296 1136 20
1338 1095 1545 1148 negando

138 1169 362 1211 minorem.
440 1169 613 1223 Quibus
648 1169 820 1210 accedit
859 1166 950 1219 3ffiuS
972 1165 1270 1219 respondendi
1308 1165 1479 1214 modus,
1513 1163 1547 1202 si

132 1238 239 1290 quis
262 1251 349 1278 non
372 1237 516 1278 solum
539 1251 640 1278 cum
665 1237 872 1279 Scotistis
897 1242 1029 1288 neget
1063 1234 1205 1275 malos
1227 1247 1324 1274 esse
1345 1238 1470 1273 actus
1492 1232 1549 1273 de

139 1305 300 1358 quibus
336 1306 493 1359 agitur,
538 1307 615 1347 sed
659 1306 839 1359 insuper
883 1308 941 1354 (n.
986 1303 1106 1357 604.)
1148 1316 1247 1343 cum
1292 1302 1335 1343 S.
1372 1301 1549 1342 Thoma

140 1382 392 1428 propugnet
414 1388 489 1415 eos
512 1388 607 1415 esse
630 1375 857 1415 moraliter
877 1374 1033 1414 bonos.

197 1442 293 1494 619.
325 1442 493 1493 Primo,
515 1443 635 1496 quod
658 1443 820 1484 attinet
851 1443 907 1483 ad
942 1441 1162 1494 majorem,
1185 1439 1547 1479 anImadvertunt

142 1517 347 1552 naturam
369 1512 562 1553 hominis
595 1526 683 1552 non
715 1511 963 1564 simplicem
1002 1523 1109 1559 esse,
1131 1509 1209 1549 sed
1243 1507 1554 1561 compositam,

136 1581 306 1634 ⁴quippe
328 1594 442 1633 quae
463 1594 550 1622 non
574 1581 716 1621 solum
750 1579 979 1621 rationalis
1013 1591 1090 1619 seu
1123 1575 1365 1630 spiritualis
1386 1576 1454 1626 sit,
1477 1574 1555 1615 sed

135 1649 277 1689 etiam
320 1649 562 1702 corporalis
604 1663 680 1690 seu
723 1648 940 1690 animalis.
1032 1645 1172 1686 Aliud
1216 1645 1350 1697 igitur
1385 1649 1452 1684 est
1490 1642 1554 1696 (a)

140 1718 311 1771 operari
357 1718 601 1758 secundum
653 1717 957 1758 conditionem
1011 1721 1196 1755 naturae
1249 1712 1476 1761 lcmnanae,
1498 1711 1555 1751 ad

143 1786 264 1838 quod
294 1785 473 1838 quidem
503 1785 728 1827 hominem
762 1785 900 1826 teneri
934 1785 1212 1824 demonstrat
1244 1786 1556 1833 argumentum

140 1852 494 1904 Thomistarum,
515 1868 597 1895 nec
633 1855 869 1908 quisquam
913 1853 1058 1905 reipsa
1093 1856 1262 1903 negat:
1300 1849 1420 1890 aliud
1454 1861 1558 1888 vero

143 1927 211 1961 est
228 1921 293 1975 (b)
308 1923 479 1974 operari
502 1924 746 1964 secundum
766 1923 1069 1964 conditionem
1089 1927 1276 1961 naturae
1296 1918 1527 1960 rationalis
1538 1933 1559 1967 ‚-

141 1990 203 2029 ad
240 1991 358 2043 quod
396 1990 622 2031 hominem
667 1992 805 2032 teneri
849 1990 1115 2031 Thomistae
1158 1989 1340 2029 minime
1376 1988 1559 2028 demon-

147 2063 302 2107 strant,
343 2058 420 2098 sed
460 2060 643 2100 omnino
696 2060 832 2113 gratis
877 2063 1121 2099 assumunt.
1205 2056 1369 2096 “Licet
1409 2060 1563 2095 tenear

144 2126 321 2179 operari
359 2133 407 2167 ut
445 2127 617 2177 hom0‚'’
640 2129 702 2169 ait
739 2125 957 2180 Arriaga,1
994 2130 1121 2166 “non
1159 2131 1313 2166 teneor
1348 2123 1559 2177 [semper]

149 2194 322 2247 operari
357 2195 590 2236 secundum
624 2197 770 2236 omnia
798 2196 1056 2248 praedicata
1094 2191 1318 2239 lcomz'nz's,·
1355 2191 1563 2245 alioquin,

149 2262 254 2314 quia
276 2262 411 2302 homo
434 2269 525 2304 tam
559 2264 854 2304 essentialiter
882 2264 990 2304 dicit
1018 2274 1176 2315 corpus
1199 2273 1331 2312 quam
1355 2260 1564 2318 animam,

148 2337 351 2383 peccaret
367 2330 502 2371 homo
520 2332 554 2372 si
572 2339 801 2386 appeteret
818 2331 1125 2386 operationem
1142 2341 1249 2382 pure
1266 2327 1539 2380 spiritualem
1555 2341 1564 2378 3

149 2398 252 2451 quia
284 2412 372 2439 non
405 2407 661 2453 operaretur
698 2402 920 2454 adequate
957 2407 1005 2442 ut
1042 2399 1190 2440 homo.
1257 2396 1408 2449 Quum
1446 2409 1564 2449 ergo,

194 2524 205 2543 ¹
229 2525 284 2556 Tr.
303 2525 630 2563 ‹le.41·t.Hmnam's‚
660 2524 757 2565 Disp.
777 2532 829 2555 21.
855 2529 934 2556 sect.
965 2522 1010 2554 iv.
1039 2533 1073 2553 n.
1102 2528 1156 2562 50.
1189 2518 1270 2549 Vid·
1295 2518 1393 2550 etiam
1421 2517 1565 2554 Laloux,

156 2569 214 2600 Tr.
232 2568 269 2599 de
283 2570 355 2599 Act.
372 2569 555 2605 Humanis,
573 2568 663 2600 Diss.
681 2575 711 2607 9.
729 2572 856 2608 quaest.
872 2577 903 2607 4.
