<?xml version="1.0" encoding="UTF-8"?>
<!DOCTYPE html PUBLIC "-//W3C//DTD XHTML 1.0 Transitional//EN"
    "http://www.w3.org/TR/xhtml1/DTD/xhtml1-transitional.dtd">
<html xmlns="http://www.w3.org/1999/xhtml" xml:lang="en" lang="en">
 <head>
  <title>
</title>
<meta http-equiv="Content-Type" content="text/html;charset=utf-8" />
  <meta name='ocr-system' content='tesseract 3.04.00' />
  <meta name='ocr-capabilities' content='ocr_page ocr_carea ocr_par ocr_line ocrx_word'/>
</head>
<body>
  <div class='ocr_page' id='page_1' title='image "./tractatusdeactib00wals_0107.png"; bbox 0 0 1716 2729; ppageno 0'>
   <div class='ocr_carea' id='block_1_1' title="bbox 124 79 1528 134">
    <p class='ocr_par' dir='ltr' id='par_1_1' title="bbox 124 79 1528 134">
     <span class='ocr_line' id='line_1_1' title="bbox 124 79 1528 134; baseline -0.001 -14"><span class='ocrx_word' id='word_1_1' title='bbox 124 94 163 122; x_wconf 90' lang='lat' dir='ltr'>n.</span> <span class='ocrx_word' id='word_1_2' title='bbox 194 80 273 134; x_wconf 83' lang='lat'>13.]</span> <span class='ocrx_word' id='word_1_3' title='bbox 577 81 629 121; x_wconf 82' lang='lat' dir='ltr'>dc</span> <span class='ocrx_word' id='word_1_4' title='bbox 646 80 828 120; x_wconf 80' lang='lat' dir='ltr'>Actibus</span> <span class='ocrx_word' id='word_1_5' title='bbox 848 79 1087 120; x_wconf 77' lang='lat' dir='ltr'><em>Humanis.</em></span> <span class='ocrx_word' id='word_1_6' title='bbox 1476 90 1528 131; x_wconf 84' lang='lat'>91</span> 
     </span>
    </p>
   </div>
   <div class='ocr_carea' id='block_1_2' title="bbox 113 193 1536 2435">
    <p class='ocr_par' dir='ltr' id='par_1_2' title="bbox 123 193 1531 317">
     <span class='ocr_line' id='line_1_2' title="bbox 123 193 1531 248; baseline -0.002 -11"><span class='ocrx_word' id='word_1_7' title='bbox 123 196 295 246; x_wconf 91' lang='lat' dir='ltr'>dicitur,</span> <span class='ocrx_word' id='word_1_8' title='bbox 318 197 353 237; x_wconf 92' lang='lat' dir='ltr'>si</span> <span class='ocrx_word' id='word_1_9' title='bbox 384 197 549 237; x_wconf 85' lang='lat' dir='ltr'>omissa</span> <span class='ocrx_word' id='word_1_10' title='bbox 580 196 637 236; x_wconf 88' lang='lat' dir='ltr'>sit</span> <span class='ocrx_word' id='word_1_11' title='bbox 668 195 901 248; x_wconf 82' lang='lat' dir='ltr'>diligentia</span> <span class='ocrx_word' id='word_1_12' title='bbox 931 201 1108 234; x_wconf 89' lang='lat' dir='ltr'>tantum</span> <span class='ocrx_word' id='word_1_13' title='bbox 1145 193 1365 246; x_wconf 83' lang='lat' dir='ltr'>ejusmodi</span> <span class='ocrx_word' id='word_1_14' title='bbox 1397 208 1531 247; x_wconf 88' lang='lat' dir='ltr'>quam</span> 
     </span>
     <span class='ocr_line' id='line_1_3' title="bbox 123 259 1368 317; baseline -0.003 -12"><span class='ocrx_word' id='word_1_15' title='bbox 123 264 338 314; x_wconf 88' lang='lat' dir='ltr'>homines,</span> <span class='ocrx_word' id='word_1_16' title='bbox 361 265 442 305; x_wconf 86' lang='lat' dir='ltr'>nisi</span> <span class='ocrx_word' id='word_1_17' title='bbox 464 263 803 317; x_wconf 77' lang='lat' dir='ltr'>vigilantissimi,</span> <span class='ocrx_word' id='word_1_18' title='bbox 825 262 1036 302; x_wconf 89' lang='lat' dir='ltr'>adhibere</span> <span class='ocrx_word' id='word_1_19' title='bbox 1058 275 1145 301; x_wconf 90' lang='lat' dir='ltr'>non</span> <span class='ocrx_word' id='word_1_20' title='bbox 1169 259 1368 302; x_wconf 86' lang='lat' dir='ltr'>soleant.l</span> 
     </span>
    </p>

    <p class='ocr_par' dir='ltr' id='par_1_3' title="bbox 118 329 1532 926">
     <span class='ocr_line' id='line_1_4' title="bbox 183 329 1531 386; baseline -0.003 -13"><span class='ocrx_word' id='word_1_21' title='bbox 183 344 276 386; x_wconf 82' lang='lat'>229.</span> <span class='ocrx_word' id='word_1_22' title='bbox 312 332 569 386; x_wconf 80' lang='lat' dir='ltr'>Ignorantia</span> <span class='ocrx_word' id='word_1_23' title='bbox 600 331 821 384; x_wconf 82' lang='lat' dir='ltr'>quaedam</span> <span class='ocrx_word' id='word_1_24' title='bbox 838 330 1042 384; x_wconf 68' lang='lat' dir='ltr'>graviter</span> <span class='ocrx_word' id='word_1_25' title='bbox 1074 329 1306 382; x_wconf 81' lang='lat' dir='ltr'>culpabilis</span> <span class='ocrx_word' id='word_1_26' title='bbox 1342 330 1428 370; x_wconf 90' lang='lat' dir='ltr'>dici</span> <span class='ocrx_word' id='word_1_27' title='bbox 1463 344 1531 370; x_wconf 87' lang='lat' dir='ltr'>so-</span> 
     </span>
     <span class='ocr_line' id='line_1_5' title="bbox 123 399 1531 452; baseline -0.002 -11"><span class='ocrx_word' id='word_1_28' title='bbox 123 401 184 441; x_wconf 88' lang='lat' dir='ltr'>let</span> <span class='ocrx_word' id='word_1_29' title='bbox 214 415 361 441; x_wconf 75' lang='lat' dir='ltr'>crassa</span> <span class='ocrx_word' id='word_1_30' title='bbox 383 407 426 441; x_wconf 93' lang='lat' dir='ltr'>et</span> <span class='ocrx_word' id='word_1_31' title='bbox 454 400 644 452; x_wconf 83' lang='lat' dir='ltr'>supina:</span> <span class='ocrx_word' id='word_1_32' title='bbox 678 413 822 452; x_wconf 88' lang='lat' dir='ltr'>neque</span> <span class='ocrx_word' id='word_1_33' title='bbox 844 406 996 440; x_wconf 89' lang='lat' dir='ltr'>tamen</span> <span class='ocrx_word' id='word_1_34' title='bbox 1029 399 1123 438; x_wconf 90' lang='lat' dir='ltr'>TT.</span> <span class='ocrx_word' id='word_1_35' title='bbox 1147 399 1260 438; x_wconf 84' lang='lat' dir='ltr'>inter</span> <span class='ocrx_word' id='word_1_36' title='bbox 1281 412 1327 438; x_wconf 90' lang='lat' dir='ltr'>se</span> <span class='ocrx_word' id='word_1_37' title='bbox 1348 412 1531 439; x_wconf 89' lang='lat' dir='ltr'>consen-</span> 
     </span>
     <span class='ocr_line' id='line_1_6' title="bbox 121 467 1531 520; baseline -0.002 -12"><span class='ocrx_word' id='word_1_38' title='bbox 121 469 237 509; x_wconf 92' lang='lat' dir='ltr'>tiunt</span> <span class='ocrx_word' id='word_1_39' title='bbox 254 469 297 508; x_wconf 93' lang='lat' dir='ltr'>in</span> <span class='ocrx_word' id='word_1_40' title='bbox 314 468 382 508; x_wconf 84' lang='lat' dir='ltr'>his</span> <span class='ocrx_word' id='word_1_41' title='bbox 400 468 580 508; x_wconf 89' lang='lat' dir='ltr'>vocibus</span> <span class='ocrx_word' id='word_1_42' title='bbox 602 468 893 520; x_wconf 77' lang='lat' dir='ltr'>exponendis.</span> <span class='ocrx_word' id='word_1_43' title='bbox 934 467 1068 508; x_wconf 87' lang='lat' dir='ltr'>Unde</span> <span class='ocrx_word' id='word_1_44' title='bbox 1087 467 1442 519; x_wconf 86' lang='lat' dir='ltr'>investigandum</span> <span class='ocrx_word' id='word_1_45' title='bbox 1467 472 1531 506; x_wconf 92' lang='lat' dir='ltr'>est</span> 
     </span>
     <span class='ocr_line' id='line_1_7' title="bbox 121 534 1531 589; baseline -0.002 -13"><span class='ocrx_word' id='word_1_46' title='bbox 121 550 210 589; x_wconf 91' lang='lat' dir='ltr'>quo</span> <span class='ocrx_word' id='word_1_47' title='bbox 265 550 396 577; x_wconf 86' lang='lat' dir='ltr'>sensu</span> <span class='ocrx_word' id='word_1_48' title='bbox 449 535 634 588; x_wconf 84' lang='lat' dir='ltr'>intelligi</span> <span class='ocrx_word' id='word_1_49' title='bbox 677 535 898 576; x_wconf 88' lang='lat' dir='ltr'>debeant:</span> <span class='ocrx_word' id='word_1_50' title='bbox 954 549 1069 588; x_wconf 91' lang='lat' dir='ltr'>quae</span> <span class='ocrx_word' id='word_1_51' title='bbox 1123 534 1324 587; x_wconf 88' lang='lat' dir='ltr'>quaestio</span> <span class='ocrx_word' id='word_1_52' title='bbox 1382 534 1531 586; x_wconf 83' lang='lat' dir='ltr'>magni</span> 
     </span>
     <span class='ocr_line' id='line_1_8' title="bbox 120 601 1532 656; baseline -0.002 -12"><span class='ocrx_word' id='word_1_53' title='bbox 120 618 226 644; x_wconf 86' lang='lat' dir='ltr'>sane</span> <span class='ocrx_word' id='word_1_54' title='bbox 244 604 457 644; x_wconf 88' lang='lat' dir='ltr'>momenti</span> <span class='ocrx_word' id='word_1_55' title='bbox 480 603 582 644; x_wconf 90' lang='lat' dir='ltr'>ideo</span> <span class='ocrx_word' id='word_1_56' title='bbox 604 602 792 643; x_wconf 88' lang='lat' dir='ltr'>efficitur</span> <span class='ocrx_word' id='word_1_57' title='bbox 812 604 917 656; x_wconf 89' lang='lat' dir='ltr'>quia</span> <span class='ocrx_word' id='word_1_58' title='bbox 940 604 983 643; x_wconf 92' lang='lat' dir='ltr'>in</span> <span class='ocrx_word' id='word_1_59' title='bbox 1012 603 1110 656; x_wconf 90' lang='lat' dir='ltr'>jure</span> <span class='ocrx_word' id='word_1_60' title='bbox 1142 603 1356 643; x_wconf 87' lang='lat' dir='ltr'>canonico</span> <span class='ocrx_word' id='word_1_61' title='bbox 1378 601 1532 642; x_wconf 87' lang='lat' dir='ltr'>statui-</span> 
     </span>
     <span class='ocr_line' id='line_1_9' title="bbox 119 671 1532 725; baseline -0.001 -14"><span class='ocrx_word' id='word_1_62' title='bbox 119 677 191 711; x_wconf 88' lang='lat' dir='ltr'>tur</span> <span class='ocrx_word' id='word_1_63' title='bbox 223 672 532 724; x_wconf 87' lang='lat' dir='ltr'>ignorantiam,</span> <span class='ocrx_word' id='word_1_64' title='bbox 568 672 650 712; x_wconf 89' lang='lat' dir='ltr'>etsi</span> <span class='ocrx_word' id='word_1_65' title='bbox 683 672 966 725; x_wconf 81' lang='lat' dir='ltr'>culpabilem,</span> <span class='ocrx_word' id='word_1_66' title='bbox 1000 685 1215 712; x_wconf 82' lang='lat' dir='ltr'>excusare</span> <span class='ocrx_word' id='word_1_67' title='bbox 1266 685 1293 711; x_wconf 91' lang='lat' dir='ltr'>a</span> <span class='ocrx_word' id='word_1_68' title='bbox 1338 671 1532 711; x_wconf 90' lang='lat' dir='ltr'>censuris</span> 
     </span>
     <span class='ocr_line' id='line_1_10' title="bbox 119 739 1532 793; baseline -0.001 -14"><span class='ocrx_word' id='word_1_69' title='bbox 119 739 401 789; x_wconf 89' lang='lat' dir='ltr'>incurrendis,</span> <span class='ocrx_word' id='word_1_70' title='bbox 425 739 566 780; x_wconf 90' lang='lat' dir='ltr'>“dum</span> <span class='ocrx_word' id='word_1_71' title='bbox 606 746 757 780; x_wconf 91' lang='lat' dir='ltr'>tamen</span> <span class='ocrx_word' id='word_1_72' title='bbox 801 741 1051 793; x_wconf 80' lang='lat' dir='ltr'>ignorantia</span> <span class='ocrx_word' id='word_1_73' title='bbox 1085 754 1231 780; x_wconf 76' lang='lat' dir='ltr'>crassa</span> <span class='ocrx_word' id='word_1_74' title='bbox 1264 753 1352 779; x_wconf 91' lang='lat' dir='ltr'>non</span> <span class='ocrx_word' id='word_1_75' title='bbox 1390 739 1532 786; x_wconf 85' lang='lat' dir='ltr'>fuerit,</span> 
     </span>
     <span class='ocr_line' id='line_1_11' title="bbox 118 807 1528 862; baseline -0.002 -14"><span class='ocrx_word' id='word_1_76' title='bbox 118 814 195 848; x_wconf 86' lang='lat' dir='ltr'>aut</span> <span class='ocrx_word' id='word_1_77' title='bbox 215 808 408 861; x_wconf 78' lang='lat' dir='ltr'>supina.”</span> <span class='ocrx_word' id='word_1_78' title='bbox 458 807 582 862; x_wconf 85' lang='lat' dir='ltr'>(Cap.</span> <span class='ocrx_word' id='word_1_79' title='bbox 614 808 676 849; x_wconf 81' lang='lat' dir='ltr'>Ut</span> <span class='ocrx_word' id='word_1_80' title='bbox 693 809 959 855; x_wconf 75' lang='lat' dir='ltr'>animarum,</span> <span class='ocrx_word' id='word_1_81' title='bbox 981 819 1018 855; x_wconf 86' lang='lat'>2,</span> <span class='ocrx_word' id='word_1_82' title='bbox 1034 809 1090 848; x_wconf 89' lang='lat' dir='ltr'>de</span> <span class='ocrx_word' id='word_1_83' title='bbox 1109 807 1528 853; x_wconf 81' lang='lat' dir='ltr'>Constitutionibus,</span> 
     </span>
     <span class='ocr_line' id='line_1_12' title="bbox 120 876 264 926; baseline 0.014 -11"><span class='ocrx_word' id='word_1_84' title='bbox 120 876 162 915; x_wconf 93' lang='lat' dir='ltr'>in</span> <span class='ocrx_word' id='word_1_85' title='bbox 185 877 264 926; x_wconf 84' lang='lat'><strong>6⁰.)</strong></span> 
     </span>
    </p>

    <p class='ocr_par' dir='ltr' id='par_1_4' title="bbox 113 944 1536 2435">
     <span class='ocr_line' id='line_1_13' title="bbox 177 944 1535 998; baseline -0.001 -13"><span class='ocrx_word' id='word_1_86' title='bbox 177 956 272 998; x_wconf 83' lang='lat'>230.</span> <span class='ocrx_word' id='word_1_87' title='bbox 309 946 397 986; x_wconf 90' lang='lat' dir='ltr'>Hic</span> <span class='ocrx_word' id='word_1_88' title='bbox 442 947 558 985; x_wconf 86' lang='lat' dir='ltr'>duae</span> <span class='ocrx_word' id='word_1_89' title='bbox 607 954 711 985; x_wconf 89' lang='lat' dir='ltr'>sunt</span> <span class='ocrx_word' id='word_1_90' title='bbox 745 945 842 986; x_wconf 90' lang='lat' dir='ltr'>TT.</span> <span class='ocrx_word' id='word_1_91' title='bbox 877 945 1141 985; x_wconf 89' lang='lat' dir='ltr'>sententiae.</span> <span class='ocrx_word' id='word_1_92' title='bbox 1203 945 1342 985; x_wconf 74' lang='lat' dir='ltr'><em>Prior</em></span> <span class='ocrx_word' id='word_1_93' title='bbox 1380 944 1535 985; x_wconf 80' lang='lat' dir='ltr'>statuit</span> 
     </span>
     <span class='ocr_line' id='line_1_14' title="bbox 117 1013 1532 1066; baseline 0 -13"><span class='ocrx_word' id='word_1_94' title='bbox 117 1014 413 1066; x_wconf 88' lang='lat' dir='ltr'>ignorantiam</span> <span class='ocrx_word' id='word_1_95' title='bbox 435 1027 640 1064; x_wconf 77' lang='lat' dir='ltr'>crassam,</span> <span class='ocrx_word' id='word_1_96' title='bbox 654 1028 730 1054; x_wconf 88' lang='lat' dir='ltr'>seu</span> <span class='ocrx_word' id='word_1_97' title='bbox 765 1013 979 1066; x_wconf 76' lang='lat' dir='ltr'>supinam,</span> <span class='ocrx_word' id='word_1_98' title='bbox 999 1028 1094 1054; x_wconf 84' lang='lat' dir='ltr'>esse</span> <span class='ocrx_word' id='word_1_99' title='bbox 1117 1028 1214 1054; x_wconf 87' lang='lat' dir='ltr'>eam</span> <span class='ocrx_word' id='word_1_100' title='bbox 1238 1027 1351 1066; x_wconf 86' lang='lat' dir='ltr'>quae</span> <span class='ocrx_word' id='word_1_101' title='bbox 1374 1018 1532 1053; x_wconf 80' lang='lat' dir='ltr'>exorta</span> 
     </span>
     <span class='ocr_line' id='line_1_15' title="bbox 117 1082 1536 1136; baseline 0 -14"><span class='ocrx_word' id='word_1_102' title='bbox 117 1082 174 1122; x_wconf 85' lang='lat' dir='ltr'>sit</span> <span class='ocrx_word' id='word_1_103' title='bbox 211 1095 269 1122; x_wconf 84' lang='lat' dir='ltr'>ex</span> <span class='ocrx_word' id='word_1_104' title='bbox 304 1082 578 1136; x_wconf 87' lang='lat' dir='ltr'>negligentia</span> <span class='ocrx_word' id='word_1_105' title='bbox 612 1083 821 1134; x_wconf 72' lang='lat' dir='ltr'>graviter</span> <span class='ocrx_word' id='word_1_106' title='bbox 861 1082 1077 1135; x_wconf 74' lang='lat' dir='ltr'>culpabili,</span> <span class='ocrx_word' id='word_1_107' title='bbox 1110 1083 1224 1123; x_wconf 88' lang='lat' dir='ltr'>adeo</span> <span class='ocrx_word' id='word_1_108' title='bbox 1260 1089 1309 1122; x_wconf 91' lang='lat' dir='ltr'>ut</span> <span class='ocrx_word' id='word_1_109' title='bbox 1351 1082 1536 1135; x_wconf 82' lang='lat' dir='ltr'>quaevis</span> 
     </span>
     <span class='ocr_line' id='line_1_16' title="bbox 117 1150 1534 1205; baseline -0.001 -14"><span class='ocrx_word' id='word_1_110' title='bbox 117 1151 368 1204; x_wconf 89' lang='lat' dir='ltr'>ignorantia</span> <span class='ocrx_word' id='word_1_111' title='bbox 388 1152 596 1204; x_wconf 70' lang='lat' dir='ltr'>graviter</span> <span class='ocrx_word' id='word_1_112' title='bbox 614 1152 839 1205; x_wconf 80' lang='lat' dir='ltr'>culpabilis</span> <span class='ocrx_word' id='word_1_113' title='bbox 859 1152 943 1192; x_wconf 94' lang='lat' dir='ltr'>hoc</span> <span class='ocrx_word' id='word_1_114' title='bbox 966 1165 1098 1192; x_wconf 87' lang='lat' dir='ltr'>sensu</span> <span class='ocrx_word' id='word_1_115' title='bbox 1112 1166 1258 1192; x_wconf 79' lang='lat' dir='ltr'>crassa</span> <span class='ocrx_word' id='word_1_116' title='bbox 1280 1166 1356 1192; x_wconf 88' lang='lat' dir='ltr'>seu</span> <span class='ocrx_word' id='word_1_117' title='bbox 1378 1150 1534 1203; x_wconf 76' lang='lat' dir='ltr'>supina</span> 
     </span>
     <span class='ocr_line' id='line_1_17' title="bbox 117 1219 1531 1273; baseline 0 -14"><span class='ocrx_word' id='word_1_118' title='bbox 117 1220 307 1260; x_wconf 90' lang='lat' dir='ltr'>dicenda</span> <span class='ocrx_word' id='word_1_119' title='bbox 338 1219 408 1260; x_wconf 89' lang='lat' dir='ltr'>sit.</span> <span class='ocrx_word' id='word_1_120' title='bbox 473 1220 632 1260; x_wconf 76' lang='lat' dir='ltr'>Altera</span> <span class='ocrx_word' id='word_1_121' title='bbox 663 1234 766 1260; x_wconf 86' lang='lat' dir='ltr'>vero</span> <span class='ocrx_word' id='word_1_122' title='bbox 798 1221 911 1260; x_wconf 85' lang='lat' dir='ltr'>duos</span> <span class='ocrx_word' id='word_1_123' title='bbox 945 1220 1180 1273; x_wconf 86' lang='lat' dir='ltr'>distinguit</span> <span class='ocrx_word' id='word_1_124' title='bbox 1210 1221 1375 1273; x_wconf 83' lang='lat' dir='ltr'>gradus</span> <span class='ocrx_word' id='word_1_125' title='bbox 1408 1220 1531 1273; x_wconf 89' lang='lat' dir='ltr'>igno-</span> 
     </span>
     <span class='ocr_line' id='line_1_18' title="bbox 116 1287 1532 1343; baseline 0 -16"><span class='ocrx_word' id='word_1_126' title='bbox 116 1289 287 1328; x_wconf 87' lang='lat' dir='ltr'>rantiae</span> <span class='ocrx_word' id='word_1_127' title='bbox 331 1288 522 1341; x_wconf 88' lang='lat' dir='ltr'>graviter</span> <span class='ocrx_word' id='word_1_128' title='bbox 575 1288 821 1341; x_wconf 85' lang='lat' dir='ltr'>culpabilis,</span> <span class='ocrx_word' id='word_1_129' title='bbox 858 1295 990 1341; x_wconf 88' lang='lat' dir='ltr'>prout</span> <span class='ocrx_word' id='word_1_130' title='bbox 1037 1289 1310 1342; x_wconf 84' lang='lat' dir='ltr'>negligentia</span> <span class='ocrx_word' id='word_1_131' title='bbox 1355 1287 1419 1343; x_wconf 89' lang='lat' dir='ltr'>(a)</span> <span class='ocrx_word' id='word_1_132' title='bbox 1465 1294 1532 1328; x_wconf 90' lang='lat' dir='ltr'>est</span> 
     </span>
     <span class='ocr_line' id='line_1_19' title="bbox 113 1355 1536 1410; baseline 0.003 -16"><span class='ocrx_word' id='word_1_133' title='bbox 113 1355 238 1395; x_wconf 83' lang='lat' dir='ltr'>valde</span> <span class='ocrx_word' id='word_1_134' title='bbox 254 1355 414 1408; x_wconf 75' lang='lat' dir='ltr'>gravis</span> <span class='ocrx_word' id='word_1_135' title='bbox 445 1363 522 1396; x_wconf 90' lang='lat' dir='ltr'>aut</span> <span class='ocrx_word' id='word_1_136' title='bbox 544 1357 831 1409; x_wconf 73' lang='lat' dir='ltr'>gravissima,</span> <span class='ocrx_word' id='word_1_137' title='bbox 854 1357 966 1397; x_wconf 93' lang='lat' dir='ltr'>adeo</span> <span class='ocrx_word' id='word_1_138' title='bbox 1005 1362 1051 1396; x_wconf 90' lang='lat' dir='ltr'>ut</span> <span class='ocrx_word' id='word_1_139' title='bbox 1088 1356 1318 1410; x_wconf 88' lang='lat' dir='ltr'>diligentia</span> <span class='ocrx_word' id='word_1_140' title='bbox 1351 1358 1536 1398; x_wconf 90' lang='lat' dir='ltr'>omnino</span> 
     </span>
     <span class='ocr_line' id='line_1_20' title="bbox 116 1425 1528 1480; baseline 0.002 -17"><span class='ocrx_word' id='word_1_141' title='bbox 116 1425 305 1473; x_wconf 87' lang='lat' dir='ltr'>modica,</span> <span class='ocrx_word' id='word_1_142' title='bbox 340 1431 417 1464; x_wconf 89' lang='lat' dir='ltr'>aut</span> <span class='ocrx_word' id='word_1_143' title='bbox 459 1425 595 1465; x_wconf 88' lang='lat' dir='ltr'>etiarn</span> <span class='ocrx_word' id='word_1_144' title='bbox 638 1425 728 1465; x_wconf 83' lang='lat' dir='ltr'>fere</span> <span class='ocrx_word' id='word_1_145' title='bbox 769 1425 904 1474; x_wconf 84' lang='lat' dir='ltr'>nulla,</span> <span class='ocrx_word' id='word_1_146' title='bbox 947 1427 1003 1465; x_wconf 89' lang='lat' dir='ltr'>ad</span> <span class='ocrx_word' id='word_1_147' title='bbox 1041 1426 1339 1478; x_wconf 85' lang='lat' dir='ltr'>ignorantiam</span> <span class='ocrx_word' id='word_1_148' title='bbox 1378 1426 1528 1480; x_wconf 89' lang='lat' dir='ltr'>depel-</span> 
     </span>
     <span class='ocr_line' id='line_1_21' title="bbox 116 1492 1533 1547; baseline 0.001 -15"><span class='ocrx_word' id='word_1_149' title='bbox 116 1492 295 1532; x_wconf 90' lang='lat' dir='ltr'>lendam</span> <span class='ocrx_word' id='word_1_150' title='bbox 318 1493 375 1533; x_wconf 89' lang='lat' dir='ltr'>sit</span> <span class='ocrx_word' id='word_1_151' title='bbox 396 1493 609 1541; x_wconf 89' lang='lat' dir='ltr'>adhibita,</span> <span class='ocrx_word' id='word_1_152' title='bbox 627 1500 702 1534; x_wconf 87' lang='lat' dir='ltr'>aut</span> <span class='ocrx_word' id='word_1_153' title='bbox 727 1493 791 1547; x_wconf 75' lang='lat' dir='ltr'>(b)</span> <span class='ocrx_word' id='word_1_154' title='bbox 815 1500 882 1534; x_wconf 87' lang='lat' dir='ltr'>est</span> <span class='ocrx_word' id='word_1_155' title='bbox 898 1493 1155 1546; x_wconf 74' lang='lat' dir='ltr'>simpliciter</span> <span class='ocrx_word' id='word_1_156' title='bbox 1165 1495 1339 1546; x_wconf 73' lang='lat' dir='ltr'>gravis,</span> <span class='ocrx_word' id='word_1_157' title='bbox 1355 1495 1469 1535; x_wconf 87' lang='lat' dir='ltr'>adeo</span> <span class='ocrx_word' id='word_1_158' title='bbox 1484 1501 1533 1535; x_wconf 90' lang='lat' dir='ltr'>ut</span> 
     </span>
     <span class='ocr_line' id='line_1_22' title="bbox 115 1561 1530 1615; baseline 0.001 -15"><span class='ocrx_word' id='word_1_159' title='bbox 115 1561 322 1601; x_wconf 87' lang='lat' dir='ltr'>notabilis</span> <span class='ocrx_word' id='word_1_160' title='bbox 345 1561 526 1613; x_wconf 88' lang='lat' dir='ltr'>quidem</span> <span class='ocrx_word' id='word_1_161' title='bbox 550 1562 606 1601; x_wconf 89' lang='lat' dir='ltr'>sit</span> <span class='ocrx_word' id='word_1_162' title='bbox 637 1561 896 1614; x_wconf 84' lang='lat' dir='ltr'>diligentiae</span> <span class='ocrx_word' id='word_1_163' title='bbox 930 1562 1138 1611; x_wconf 89' lang='lat' dir='ltr'>carentia,</span> <span class='ocrx_word' id='word_1_164' title='bbox 1160 1576 1275 1615; x_wconf 89' lang='lat' dir='ltr'>quae</span> <span class='ocrx_word' id='word_1_165' title='bbox 1298 1569 1448 1603; x_wconf 88' lang='lat' dir='ltr'>tamen</span> <span class='ocrx_word' id='word_1_166' title='bbox 1473 1563 1530 1603; x_wconf 87' lang='lat' dir='ltr'>ad</span> 
     </span>
     <span class='ocr_line' id='line_1_23' title="bbox 114 1629 1531 1683; baseline 0 -13"><span class='ocrx_word' id='word_1_167' title='bbox 114 1629 301 1683; x_wconf 85' lang='lat' dir='ltr'>gradum</span> <span class='ocrx_word' id='word_1_168' title='bbox 323 1629 417 1682; x_wconf 90' lang='lat' dir='ltr'>jam</span> <span class='ocrx_word' id='word_1_169' title='bbox 443 1630 710 1669; x_wconf 89' lang='lat' dir='ltr'>recensitum</span> <span class='ocrx_word' id='word_1_170' title='bbox 735 1643 823 1669; x_wconf 91' lang='lat' dir='ltr'>non</span> <span class='ocrx_word' id='word_1_171' title='bbox 857 1630 1083 1683; x_wconf 87' lang='lat' dir='ltr'>pertingat</span> <span class='ocrx_word' id='word_1_172' title='bbox 1106 1644 1114 1670; x_wconf 90' lang='lat'>:</span> <span class='ocrx_word' id='word_1_173' title='bbox 1147 1630 1255 1670; x_wconf 88' lang='lat' dir='ltr'>haec</span> <span class='ocrx_word' id='word_1_174' title='bbox 1280 1631 1412 1683; x_wconf 87' lang='lat' dir='ltr'>igitur</span> <span class='ocrx_word' id='word_1_175' title='bbox 1434 1644 1531 1671; x_wconf 83' lang='lat' dir='ltr'>sen-</span> 
     </span>
     <span class='ocr_line' id='line_1_24' title="bbox 115 1697 1529 1752; baseline 0.001 -15"><span class='ocrx_word' id='word_1_176' title='bbox 115 1698 255 1738; x_wconf 89' lang='lat' dir='ltr'>tentia</span> <span class='ocrx_word' id='word_1_177' title='bbox 287 1697 585 1751; x_wconf 85' lang='lat' dir='ltr'>ignorantiam</span> <span class='ocrx_word' id='word_1_178' title='bbox 617 1711 809 1738; x_wconf 74' lang='lat' dir='ltr'>crassam</span> <span class='ocrx_word' id='word_1_179' title='bbox 843 1711 919 1737; x_wconf 87' lang='lat' dir='ltr'>seu</span> <span class='ocrx_word' id='word_1_180' title='bbox 953 1698 1155 1750; x_wconf 75' lang='lat' dir='ltr'>supinam</span> <span class='ocrx_word' id='word_1_181' title='bbox 1185 1698 1393 1752; x_wconf 89' lang='lat' dir='ltr'>intelligit</span> <span class='ocrx_word' id='word_1_182' title='bbox 1431 1713 1529 1738; x_wconf 89' lang='lat' dir='ltr'>eam</span> 
     </span>
     <span class='ocr_line' id='line_1_25' title="bbox 117 1765 1532 1819; baseline 0 -13"><span class='ocrx_word' id='word_1_183' title='bbox 117 1766 258 1806; x_wconf 89' lang='lat' dir='ltr'>solam</span> <span class='ocrx_word' id='word_1_184' title='bbox 282 1780 396 1819; x_wconf 87' lang='lat' dir='ltr'>quae</span> <span class='ocrx_word' id='word_1_185' title='bbox 430 1780 488 1806; x_wconf 81' lang='lat' dir='ltr'>ex</span> <span class='ocrx_word' id='word_1_186' title='bbox 527 1766 799 1819; x_wconf 86' lang='lat' dir='ltr'>negligentia</span> <span class='ocrx_word' id='word_1_187' title='bbox 822 1765 948 1805; x_wconf 76' lang='lat' dir='ltr'>valde</span> <span class='ocrx_word' id='word_1_188' title='bbox 983 1767 1123 1819; x_wconf 66' lang='lat' dir='ltr'>gravi</span> <span class='ocrx_word' id='word_1_189' title='bbox 1156 1773 1232 1807; x_wconf 90' lang='lat' dir='ltr'>aut</span> <span class='ocrx_word' id='word_1_190' title='bbox 1260 1766 1532 1819; x_wconf 71' lang='lat' dir='ltr'>gravissima</span> 
     </span>
     <span class='ocr_line' id='line_1_26' title="bbox 116 1834 1532 1889; baseline 0.001 -15"><span class='ocrx_word' id='word_1_191' title='bbox 116 1840 276 1874; x_wconf 83' lang='lat' dir='ltr'>exorta</span> <span class='ocrx_word' id='word_1_192' title='bbox 298 1840 365 1874; x_wconf 86' lang='lat' dir='ltr'>est</span> <span class='ocrx_word' id='word_1_193' title='bbox 383 1849 392 1873; x_wconf 91' lang='lat'>:</span> <span class='ocrx_word' id='word_1_194' title='bbox 427 1837 447 1853; x_wconf 88' lang='lat'>“</span> <span class='ocrx_word' id='word_1_195' title='bbox 465 1834 675 1887; x_wconf 84' lang='lat' dir='ltr'>exemplo</span> <span class='ocrx_word' id='word_1_196' title='bbox 694 1849 761 1874; x_wconf 90' lang='lat' dir='ltr'>res</span> <span class='ocrx_word' id='word_1_197' title='bbox 783 1834 940 1874; x_wconf 86' lang='lat' dir='ltr'>clarior</span> <span class='ocrx_word' id='word_1_198' title='bbox 957 1834 1056 1875; x_wconf 87' lang='lat' dir='ltr'>fiet:</span> <span class='ocrx_word' id='word_1_199' title='bbox 1090 1849 1322 1889; x_wconf 80' lang='lat' dir='ltr'>ponamus,</span> <span class='ocrx_word' id='word_1_200' title='bbox 1343 1842 1532 1889; x_wconf 86' lang='lat' dir='ltr'>pensata</span> 
     </span>
     <span class='ocr_line' id='line_1_27' title="bbox 116 1903 1529 1956; baseline 0.001 -13"><span class='ocrx_word' id='word_1_201' title='bbox 116 1903 176 1942; x_wconf 88' lang='lat' dir='ltr'>rei</span> <span class='ocrx_word' id='word_1_202' title='bbox 190 1904 408 1954; x_wconf 84' lang='lat' dir='ltr'>gravitate</span> <span class='ocrx_word' id='word_1_203' title='bbox 425 1903 671 1943; x_wconf 87' lang='lat' dir='ltr'>secundum</span> <span class='ocrx_word' id='word_1_204' title='bbox 688 1903 920 1943; x_wconf 84' lang='lat' dir='ltr'>arbitrium</span> <span class='ocrx_word' id='word_1_205' title='bbox 939 1904 1238 1956; x_wconf 90' lang='lat' dir='ltr'>prudentium,</span> <span class='ocrx_word' id='word_1_206' title='bbox 1252 1904 1529 1956; x_wconf 87' lang='lat' dir='ltr'>diligentiam</span> 
     </span>
     <span class='ocr_line' id='line_1_28' title="bbox 115 1971 1528 2024; baseline 0 -13"><span class='ocrx_word' id='word_1_207' title='bbox 115 1971 409 2011; x_wconf 85' lang='lat' dir='ltr'>necessariam</span> <span class='ocrx_word' id='word_1_208' title='bbox 444 1972 499 2012; x_wconf 89' lang='lat' dir='ltr'>ad</span> <span class='ocrx_word' id='word_1_209' title='bbox 535 1985 624 2012; x_wconf 90' lang='lat' dir='ltr'>non</span> <span class='ocrx_word' id='word_1_210' title='bbox 662 1971 939 2024; x_wconf 90' lang='lat' dir='ltr'>peccandum</span> <span class='ocrx_word' id='word_1_211' title='bbox 974 1972 1135 2012; x_wconf 88' lang='lat' dir='ltr'>debere</span> <span class='ocrx_word' id='word_1_212' title='bbox 1157 1986 1253 2012; x_wconf 88' lang='lat' dir='ltr'>esse</span> <span class='ocrx_word' id='word_1_213' title='bbox 1276 1978 1323 2012; x_wconf 94' lang='lat' dir='ltr'>ut</span> <span class='ocrx_word' id='word_1_214' title='bbox 1359 1972 1494 2011; x_wconf 76' lang='lat' dir='ltr'>decem</span> <span class='ocrx_word' id='word_1_215' title='bbox 1508 1986 1528 2018; x_wconf 89' lang='lat'>‚·</span> 
     </span>
     <span class='ocr_line' id='line_1_29' title="bbox 116 2039 1525 2094; baseline -0.001 -14"><span class='ocrx_word' id='word_1_216' title='bbox 116 2040 151 2080; x_wconf 87' lang='lat' dir='ltr'>si</span> <span class='ocrx_word' id='word_1_217' title='bbox 194 2040 291 2093; x_wconf 87' lang='lat' dir='ltr'>quis</span> <span class='ocrx_word' id='word_1_218' title='bbox 331 2046 482 2081; x_wconf 89' lang='lat' dir='ltr'>tamen</span> <span class='ocrx_word' id='word_1_219' title='bbox 524 2046 724 2094; x_wconf 89' lang='lat' dir='ltr'>apponat</span> <span class='ocrx_word' id='word_1_220' title='bbox 775 2039 1054 2092; x_wconf 87' lang='lat' dir='ltr'>diligentiam</span> <span class='ocrx_word' id='word_1_221' title='bbox 1109 2046 1156 2080; x_wconf 87' lang='lat' dir='ltr'>ut</span> <span class='ocrx_word' id='word_1_222' title='bbox 1197 2041 1294 2090; x_wconf 81' lang='lat' dir='ltr'>duo,</span> <span class='ocrx_word' id='word_1_223' title='bbox 1331 2041 1525 2093; x_wconf 88' lang='lat' dir='ltr'>aliquam</span> 
     </span>
     <span class='ocr_line' id='line_1_30' title="bbox 116 2109 1526 2163; baseline -0.001 -15"><span class='ocrx_word' id='word_1_224' title='bbox 116 2109 297 2161; x_wconf 90' lang='lat' dir='ltr'>quidem</span> <span class='ocrx_word' id='word_1_225' title='bbox 319 2109 596 2163; x_wconf 89' lang='lat' dir='ltr'>diligentiam</span> <span class='ocrx_word' id='word_1_226' title='bbox 628 2109 825 2162; x_wconf 87' lang='lat' dir='ltr'>apponit,</span> <span class='ocrx_word' id='word_1_227' title='bbox 848 2109 924 2149; x_wconf 88' lang='lat' dir='ltr'>sed</span> <span class='ocrx_word' id='word_1_228' title='bbox 948 2109 1062 2150; x_wconf 89' lang='lat' dir='ltr'>adeo</span> <span class='ocrx_word' id='word_1_229' title='bbox 1084 2110 1297 2163; x_wconf 86' lang='lat' dir='ltr'>exiguam</span> <span class='ocrx_word' id='word_1_230' title='bbox 1330 2117 1378 2150; x_wconf 90' lang='lat' dir='ltr'>ut</span> <span class='ocrx_word' id='word_1_231' title='bbox 1401 2109 1526 2162; x_wconf 82' lang='lat' dir='ltr'>quasi</span> 
     </span>
     <span class='ocr_line' id='line_1_31' title="bbox 115 2177 1529 2231; baseline 0 -15"><span class='ocrx_word' id='word_1_232' title='bbox 115 2190 195 2229; x_wconf 92' lang='lat' dir='ltr'>pro</span> <span class='ocrx_word' id='word_1_233' title='bbox 218 2177 339 2217; x_wconf 90' lang='lat' dir='ltr'>nullo</span> <span class='ocrx_word' id='word_1_234' title='bbox 361 2183 601 2231; x_wconf 85' lang='lat' dir='ltr'>reputetur,</span> <span class='ocrx_word' id='word_1_235' title='bbox 624 2183 668 2217; x_wconf 92' lang='lat' dir='ltr'>et</span> <span class='ocrx_word' id='word_1_236' title='bbox 690 2177 752 2217; x_wconf 83' lang='lat' dir='ltr'>sic</span> <span class='ocrx_word' id='word_1_237' title='bbox 784 2178 987 2230; x_wconf 86' lang='lat' dir='ltr'>peccabit</span> <span class='ocrx_word' id='word_1_238' title='bbox 1019 2192 1077 2218; x_wconf 85' lang='lat' dir='ltr'>ex</span> <span class='ocrx_word' id='word_1_239' title='bbox 1109 2179 1361 2231; x_wconf 89' lang='lat' dir='ltr'>ignorantia</span> <span class='ocrx_word' id='word_1_240' title='bbox 1382 2190 1529 2217; x_wconf 67' lang='lat' dir='ltr'>crassa</span> 
     </span>
     <span class='ocr_line' id='line_1_32' title="bbox 117 2244 1533 2298; baseline 0.001 -14"><span class='ocrx_word' id='word_1_241' title='bbox 117 2258 194 2284; x_wconf 90' lang='lat' dir='ltr'>seu</span> <span class='ocrx_word' id='word_1_242' title='bbox 215 2244 371 2297; x_wconf 81' lang='lat' dir='ltr'>supz&#39;ua</span> <span class='ocrx_word' id='word_1_243' title='bbox 391 2260 406 2289; x_wconf 87' lang='lat'>.·</span> <span class='ocrx_word' id='word_1_244' title='bbox 438 2245 549 2285; x_wconf 87' lang='lat' dir='ltr'>alter</span> <span class='ocrx_word' id='word_1_245' title='bbox 569 2258 675 2285; x_wconf 87' lang='lat' dir='ltr'>vero</span> <span class='ocrx_word' id='word_1_246' title='bbox 697 2246 885 2298; x_wconf 87' lang='lat' dir='ltr'>apponit</span> <span class='ocrx_word' id='word_1_247' title='bbox 908 2245 1187 2298; x_wconf 87' lang='lat' dir='ltr'>diligentiam</span> <span class='ocrx_word' id='word_1_248' title='bbox 1212 2254 1259 2286; x_wconf 89' lang='lat' dir='ltr'>ut</span> <span class='ocrx_word' id='word_1_249' title='bbox 1280 2260 1361 2295; x_wconf 74' lang='lat' dir='ltr'>sex,</span> <span class='ocrx_word' id='word_1_250' title='bbox 1384 2252 1427 2286; x_wconf 91' lang='lat' dir='ltr'>et</span> <span class='ocrx_word' id='word_1_251' title='bbox 1459 2246 1533 2285; x_wconf 90' lang='lat' dir='ltr'>ille</span> 
     </span>
     <span class='ocr_line' id='line_1_33' title="bbox 119 2313 1529 2367; baseline 0.001 -14"><span class='ocrx_word' id='word_1_252' title='bbox 119 2313 323 2366; x_wconf 90' lang='lat' dir='ltr'>peccabit</span> <span class='ocrx_word' id='word_1_253' title='bbox 346 2314 603 2362; x_wconf 88' lang='lat' dir='ltr'>mortaliter,</span> <span class='ocrx_word' id='word_1_254' title='bbox 626 2327 712 2353; x_wconf 92' lang='lat' dir='ltr'>non</span> <span class='ocrx_word' id='word_1_255' title='bbox 750 2320 901 2353; x_wconf 89' lang='lat' dir='ltr'>tamen</span> <span class='ocrx_word' id='word_1_256' title='bbox 940 2328 996 2353; x_wconf 81' lang='lat' dir='ltr'>ex</span> <span class='ocrx_word' id='word_1_257' title='bbox 1034 2328 1210 2354; x_wconf 86' lang='lat' dir='ltr'>summa</span> <span class='ocrx_word' id='word_1_258' title='bbox 1246 2315 1529 2367; x_wconf 83' lang='lat' dir='ltr'>negligentia,</span> 
     </span>
     <span class='ocr_line' id='line_1_34' title="bbox 116 2381 1524 2435; baseline 0.001 -14"><span class='ocrx_word' id='word_1_259' title='bbox 116 2381 221 2434; x_wconf 90' lang='lat' dir='ltr'>quia</span> <span class='ocrx_word' id='word_1_260' title='bbox 242 2382 422 2435; x_wconf 90' lang='lat' dir='ltr'>propius</span> <span class='ocrx_word' id='word_1_261' title='bbox 458 2382 628 2422; x_wconf 90' lang='lat' dir='ltr'>accedit</span> <span class='ocrx_word' id='word_1_262' title='bbox 649 2382 705 2422; x_wconf 90' lang='lat' dir='ltr'>ad</span> <span class='ocrx_word' id='word_1_263' title='bbox 736 2382 1015 2434; x_wconf 84' lang='lat' dir='ltr'>diligentiam</span> <span class='ocrx_word' id='word_1_264' title='bbox 1040 2383 1331 2424; x_wconf 87' lang='lat' dir='ltr'>necessariam</span> <span class='ocrx_word' id='word_1_265' title='bbox 1356 2384 1413 2423; x_wconf 90' lang='lat' dir='ltr'>ad</span> <span class='ocrx_word' id='word_1_266' title='bbox 1436 2396 1524 2422; x_wconf 92' lang='lat' dir='ltr'>non</span> 
     </span>
    </p>
   </div>
   <div class='ocr_carea' id='block_1_3' title="bbox 538 2459 1472 2465">
    <p class='ocr_par' dir='ltr' id='par_1_5' title="bbox 538 2459 1472 2465">
     <span class='ocr_line' id='line_1_35' title="bbox 538 2459 1472 2465; baseline 0 0"><span class='ocrx_word' id='word_1_267' title='bbox 538 2459 1472 2465; x_wconf 95' lang='lat' dir='ltr'> </span> 
     </span>
    </p>
   </div>
   <div class='ocr_carea' id='block_1_4' title="bbox 117 2494 1526 2580">
    <p class='ocr_par' dir='ltr' id='par_1_6' title="bbox 117 2494 1526 2580">
     <span class='ocr_line' id='line_1_36' title="bbox 118 2494 1526 2537; baseline 0.004 -12"><span class='ocrx_word' id='word_1_268' title='bbox 118 2494 121 2495; x_wconf 48' lang='lat'><em>⁷</em></span> <span class='ocrx_word' id='word_1_269' title='bbox 160 2494 268 2526; x_wconf 86' lang='lat' dir='ltr'>¹Vid.</span> <span class='ocrx_word' id='word_1_270' title='bbox 287 2496 418 2527; x_wconf 85' lang='lat' dir='ltr'>Suarez.</span> <span class='ocrx_word' id='word_1_271' title='bbox 442 2496 498 2526; x_wconf 86' lang='lat' dir='ltr'>Tr.</span> <span class='ocrx_word' id='word_1_272' title='bbox 524 2495 560 2526; x_wconf 85' lang='lat' dir='ltr'>de</span> <span class='ocrx_word' id='word_1_273' title='bbox 593 2496 757 2532; x_wconf 83' lang='lat' dir='ltr'>Censuris,</span> <span class='ocrx_word' id='word_1_274' title='bbox 792 2496 892 2537; x_wconf 82' lang='lat' dir='ltr'>Disp.</span> <span class='ocrx_word' id='word_1_275' title='bbox 928 2506 961 2536; x_wconf 91' lang='lat'>4.</span> <span class='ocrx_word' id='word_1_276' title='bbox 988 2502 1066 2528; x_wconf 84' lang='lat' dir='ltr'>sect.</span> <span class='ocrx_word' id='word_1_277' title='bbox 1097 2498 1164 2528; x_wconf 87' lang='lat' dir='ltr'>viii.</span> <span class='ocrx_word' id='word_1_278' title='bbox 1207 2508 1237 2527; x_wconf 91' lang='lat' dir='ltr'>n.</span> <span class='ocrx_word' id='word_1_279' title='bbox 1262 2507 1302 2536; x_wconf 82' lang='lat'>43</span> <span class='ocrx_word' id='word_1_280' title='bbox 1339 2497 1526 2537; x_wconf 70' lang='lat' dir='ltr'>Laymanm</span> 
     </span>
     <span class='ocr_line' id='line_1_37' title="bbox 117 2538 651 2580; baseline 0 -11"><span class='ocrx_word' id='word_1_281' title='bbox 117 2538 193 2570; x_wconf 85' lang='lat' dir='ltr'>Lib.</span> <span class='ocrx_word' id='word_1_282' title='bbox 211 2546 240 2569; x_wconf 86' lang='lat'>1.</span> <span class='ocrx_word' id='word_1_283' title='bbox 253 2545 346 2570; x_wconf 81' lang='lat' dir='ltr'>tract.</span> <span class='ocrx_word' id='word_1_284' title='bbox 363 2539 396 2569; x_wconf 81' lang='lat' dir='ltr'>1i.</span> <span class='ocrx_word' id='word_1_285' title='bbox 413 2549 486 2580; x_wconf 83' lang='lat' dir='ltr'>cap.</span> <span class='ocrx_word' id='word_1_286' title='bbox 503 2539 547 2569; x_wconf 86' lang='lat' dir='ltr'>iv.</span> <span class='ocrx_word' id='word_1_287' title='bbox 567 2549 600 2570; x_wconf 88' lang='lat' dir='ltr'>n.</span> <span class='ocrx_word' id='word_1_288' title='bbox 620 2546 651 2580; x_wconf 84' lang='lat'>5.</span> 
     </span>
    </p>
   </div>
  </div>
 </body>
</html>
