1716 2729
145 100 223 139 104
731 89 770 128 T
768 96 960 130 metatus
1372 90 1551 143 [GURY,

198 207 253 245 26
259 214 292 257 5.
331 205 545 247 COROLL.
567 209 634 257 4¹¹¹.
671 205 978 247 Voluntarizmz
1001 207 1164 248 minuit
1184 206 1436 260 ignorantia
1458 206 1554 245 vin-

137 274 277 315 cibilis
311 275 501 327 quaevis,
534 274 665 315 etiam
702 274 1159 326 affectata—Etenim
1203 275 1401 322 scientia,
1439 286 1555 327 quae

141 343 377 395 requiritur
410 350 458 384 ut
492 358 559 384 res
596 344 652 383 sit
687 343 732 383 2'72
763 357 808 382 se
836 343 1097 394 voluntaria,
1126 344 1245 384 haud
1276 343 1420 383 minus
1453 355 1555 382 vere

140 412 267 452 deest
306 413 348 451 in
383 426 435 452 eo
469 412 593 465 cujus
629 412 881 464 ignorantia
919 417 986 452 est
1021 412 1233 464 affectata,
1257 425 1392 465 quam
1426 411 1469 450 in
1503 424 1555 451 eo

143 479 267 532 cujus
306 481 557 532 ignorantia
591 486 657 520 est
693 479 947 532 simpliciter
976 480 1200 534 neglzgens.
1265 480 1486 533 Namque,
1508 484 1557 520 ut

143 555 482 601 argumentatur
505 546 771 596 Suaresius‚¹
792 549 900 588 “ille
922 550 997 601 qui
1019 549 1081 589 ita
1103 555 1323 603 operatur,
1346 562 1434 588 non
1461 547 1558 588 vult

142 617 346 657 absolute
377 616 548 657 efficere
581 617 888 670 operationem
932 624 1151 670 quatenus
1188 618 1388 658 continet
1416 623 1556 657 trans-

145 686 418 738 gressionem
462 686 700 738 praecepti,
742 686 846 738 quia
889 699 1039 726 revera
1080 699 1168 726 non
1210 686 1291 726 scit
1332 699 1427 725 esse
1468 684 1558 725 tale

146 761 446 806 praeceptum,
476 767 556 793 nec
588 753 846 806 hujusmodi
877 755 1300 808 transgressionem:
1333 754 1448 794 sicut
1484 750 1564 806 qui

144 823 312 862 directe
343 822 438 862 vult
470 822 674 875 ignorare
706 824 812 877 quid
847 823 1047 865 Ecclesia
1079 823 1298 864 definierit
1323 824 1379 864 de
1412 822 1561 876 aliqua

145 892 463 944 propositione,
485 897 533 932 ut
556 891 735 933 liberius
758 893 930 946 opinari
962 893 1116 946 possit,
1150 907 1237 933 non
1270 893 1436 933 directe
1466 894 1562 932 vult

147 960 310 1000 sentire
333 967 376 1000 et
398 960 569 1013 opinari
592 966 746 1001 contra
769 960 889 1001 illam
910 976 919 1012 ;
950 963 1054 1014 quia
1089 975 1238 1002 revera
1268 961 1442 1014 zgnorat
1466 975 1561 1001 esse

149 1037 303 1071 contra
352 1029 499 1070 illam:
549 1030 688 1070 immo
730 1030 831 1070 ideo
871 1030 966 1071 vult
1009 1030 1092 1071 hoc
1136 1031 1338 1083 ignorare
1381 1036 1430 1070 ut
1472 1043 1560 1070 non

148 1104 334 1151 cogatur
370 1112 396 1138 a
433 1112 512 1139 sua
549 1099 770 1138 sententia
807 1099 1035 1140 discedere
1095 1133 1101 1139 .
1167 1129 1176 1138 .
1241 1098 1329 1152 Qui
1363 1113 1468 1152 ergo
1500 1099 1562 1139 ita

149 1167 243 1207 vult
280 1167 495 1219 ignorare,
526 1167 692 1208 directe
723 1167 817 1207 vult
847 1175 1044 1220 exponere
1072 1183 1115 1208 se
1133 1167 1323 1221 periculo
1345 1174 1561 1221 transgre-

150 1236 302 1276 diendi
331 1236 473 1288 legem,
503 1249 578 1276 seu
612 1236 674 1276 sic
706 1236 877 1288 operari
910 1237 1085 1276 etiamsi
1122 1237 1353 1289 contingat
1389 1237 1433 1277 id
1470 1250 1566 1276 esse

155 1305 467 1358 prohibitum.'’
532 1304 602 1346 Sic
625 1318 707 1357 vg.
730 1305 764 1344 si
788 1305 886 1358 quis
919 1306 1149 1358 suspicans
1172 1305 1306 1345 hodie
1329 1319 1424 1346 esse
1446 1305 1565 1346 diem

151 1373 450 1422 abstinentiae
472 1387 624 1413 carnes
647 1379 798 1413 tamen
817 1374 1072 1423 manducat,
1087 1372 1194 1414 nihil
1213 1388 1389 1427 prorsus
1407 1387 1565 1414 curans

151 1443 208 1483 de
225 1456 269 1483 re
288 1443 598 1495 investiganda
621 1456 675 1482 ne
697 1449 940 1495 cognoscat
956 1442 1277 1496 obligationem
1294 1443 1563 1493 abstinendi,

150 1514 224 1554 ille
247 1513 428 1566 quidem
451 1518 620 1553 temere
637 1518 683 1552 et
700 1512 947 1565 periculose
970 1513 1075 1565 agit,
1091 1517 1137 1552 at
1154 1512 1300 1552 minus
1317 1511 1566 1552 voluntarie

153 1582 371 1635 delinquit
407 1595 542 1634 quam
578 1581 613 1622 si
651 1594 805 1622 carnes
843 1581 1134 1621 manducaret
1170 1594 1307 1633 quum
1340 1580 1384 1620 id
1417 1579 1563 1633 prohi-

151 1651 294 1692 bitum
319 1664 413 1690 esse
436 1647 596 1690 sciret-,2

214 1719 306 1759 266.
343 1718 567 1771 Quoniam
620 1732 723 1758 vero
776 1717 1033 1770 hujusmodi
1087 1717 1350 1770 ignorantia,
1392 1717 1565 1770 quoties

155 1787 314 1828 saltem
358 1787 455 1839 quis
498 1788 599 1827 ideo
635 1786 730 1827 vult
765 1786 967 1840 ignorare
1003 1793 1050 1826 ut
1087 1786 1264 1827 liberius
1298 1792 1464 1839 peccet,
1499 1792 1566 1826 est

153 1857 330 1910 signum
353 1856 489 1896 animi
512 1856 642 1896 valde
664 1857 719 1897 ad
743 1856 1019 1909 peccandum
1042 1856 1263 1908 propensi,
1284 1854 1367 1895 hac
1397 1855 1567 1896 ratione

155 1926 241 1966 dici
264 1930 412 1977 potest
436 1925 732 1978 ignorantiam
756 1924 1012 1965 affectatam
1033 1930 1415 1976 augcrepcccatum
1431 1938 1445 1963 .·
1477 1936 1567 1976 quo

156 2007 300 2043 sensu,
322 1999 371 2033 ut
392 1993 578 2042 videtur,
603 1993 894 2046 intelligenda
919 1998 985 2033 est
1008 1992 1211 2032 doctrina
1245 1991 1287 2033 S.
1322 1992 1525 2032 Thomae
1542 1990 1570 2032 :3

156 2062 427 2115 “Contingit
470 2063 739 2115 quandoque
804 2094 812 2102 .
877 2092 885 2100 .
947 2061 1067 2114 quod
1111 2060 1361 2112 ignorantia
1403 2060 1569 2100 directe

157 2137 200 2171 et
223 2144 301 2183 per
331 2143 376 2169 se
409 2136 475 2169 est
506 2129 782 2180 voluntaria;
815 2130 928 2170 sicut
963 2142 1062 2169 cum
1098 2128 1256 2180 aliquis
1294 2143 1374 2169 sua
1409 2135 1568 2182 sponte

159 2193 297 2239 nescit
340 2198 505 2251 aliquid
548 2204 597 2238 ut
640 2198 819 2238 liberius
861 2204 1040 2251 peccet:
1088 2204 1132 2237 et
1174 2197 1275 2238 talis
1318 2198 1569 2251 ignorantia

157 2268 332 2308 videtur
353 2280 513 2320 augere
537 2266 835 2307 voluntarium
859 2273 902 2307 et
924 2265 1195 2319 peccatum.''

203 2389 211 2408 ¹
236 2390 346 2420 Tract.
364 2389 400 2420 de
432 2389 634 2424 Voluntaria,
654 2389 752 2430 Disp.
771 2398 803 2428 4.
824 2393 905 2420 sect.
924 2388 958 2419 ii.
978 2399 1012 2419 n.
1032 2397 1065 2428 9.

204 2432 217 2451 2
231 2433 312 2463 Vici.
333 2434 448 2470 Azor„
469 2433 583 2463 lnstz't.
603 2433 744 2469 llloral„
765 2432 842 2463 Lib.
866 2440 894 2463 1.
913 2443 987 2473 cap.
1007 2433 1073 2462 xiv.
1090 2443 1201 2473 quaer.
1223 2441 1267 2463 10.

207 2476 219 2495 ³
231 2477 383 2515 Summa,
407 2485 432 2514 1,
455 2484 485 2514 2,
505 2481 631 2518 quaest.
651 2476 703 2515 76.
722 2481 784 2506 art.
802 2485 836 2515 4.
862 2476 944 2506 Vid.
965 2476 1096 2511 Suarez,
1120 2477 1173 2507 Tr.
1190 2477 1229 2507 de
1250 2476 1455 2513 Voluntaria,
1468 2475 1568 2516 Disp.

161 2528 192 2556 4.
221 2525 301 2551 sect.
329 2519 365 2551 ii.
394 2531 454 2552 nn.
480 2527 577 2565 24-52
606 2520 788 2560 Laymann,
817 2519 893 2550 Lib.
915 2528 941 2550 1.
970 2524 1063 2551 tract.
1094 2520 1128 2550 ii.
1155 2530 1232 2561 cap.
1251 2520 1295 2551 iv.
1315 2531 1348 2550 n.
1368 2527 1407 2559 9;
1427 2519 1564 2561 Sporer,

163 2562 275 2595 Tract.
299 2572 326 2594 Ι.
345 2574 420 2605 cap.
439 2564 475 2594 ii.
493 2574 525 2594 n.
544 2571 596 2603 37.
