1716 2729
102 85 145 112 n.
170 83 191 112 2
201 71 254 126 5.]
555 71 606 112 de
625 70 809 111 Actibus
828 70 1068 111 Humanis.
1428 82 1472 124 15
1481 83 1505 123 7

96 188 308 228 scentiam
333 201 407 227 seu
431 187 696 228 desiderium
716 186 934 238 ejusmodi
954 200 1097 227 rerum
1121 200 1179 226 ex
1203 201 1249 228 se
1272 188 1377 228 nihil
1403 189 1505 228 mali

95 256 272 305 habere,
303 256 458 308 reipsa,
490 255 691 308 quamvis
725 256 897 295 duobus
918 255 985 295 his
1010 255 1225 308 Decalogi
1259 259 1507 311 praeceptis

96 325 226 378 plane
249 324 532 371 contrarium,
551 326 667 376 apud
693 324 887 376 Judaeos
912 331 1113 377 tempore
1136 324 1298 365 Christi
1324 326 1505 366 Domini

96 394 423 447 percrebuisse:
457 393 574 444 quod
603 393 710 432 satis
740 399 862 444 patet
895 407 951 432 ex
982 394 1127 433 verbis
1161 407 1200 433 n.
1224 403 1322 444 415.
1347 396 1505 443 citatis,

95 462 254 515 quibus
273 474 390 501 error
411 461 492 500 iste
515 459 786 513 reprobatur.

151 542 252 581 420.
285 530 674 582 Argumentantur
717 529 939 569 Scotistae
982 534 1110 570 2⁰:—
1131 529 1177 570 Si
1230 545 1332 571 vera
1393 540 1507 573 esset

94 599 316 639 sententia
368 597 716 646 Thomistarum‚
758 598 792 636 is
856 598 930 650 qui
993 598 1177 638 haberet
1229 599 1503 640 voluntatem

95 667 318 707 efficacem
352 668 583 708 occidendi
617 667 736 706 mille
770 667 984 717 homines,
1005 682 1145 721 aeque
1182 670 1375 721 graviter
1406 684 1505 723 pec-

93 742 213 776 caret
235 750 286 776 ac
307 736 343 776 si
381 750 456 776 eos
492 749 641 776 revera
677 737 923 785 occideret3
955 743 1089 789 atque
1132 737 1168 776 is
1204 738 1280 790 qui
1321 737 1508 779 haberet

93 804 370 844 voluntatem
394 803 620 844 efficacem
654 804 799 844 alendi
824 804 943 844 mille
965 818 1182 857 pauperes
1206 819 1347 859 aeque
1370 820 1506 847 mere-

99 879 218 912 retur
250 886 299 913 ac
336 873 369 912 si
404 873 458 912 de
493 873 608 913 facto
651 887 726 913 eos
764 873 926 914 aleret:
959 886 1073 925 quae
1104 879 1255 913 tamen
1288 874 1508 916 affirmare

97 941 282 980 omnino
311 940 528 980 absonum
552 949 631 982 est.

147 1020 244 1060 421.
280 1009 409 1062 Quae
460 1010 562 1052 huic
614 1018 879 1064 argumento
930 1012 1187 1064 responderi
1241 1013 1386 1053 solent
1445 1015 1506 1055 sic

90 1080 227 1120 tradit
245 1086 398 1119 auctor
418 1079 510 1131 jam
531 1080 691 1119 citatus
706 1084 799 1119 :—“
818 1080 1088 1132 Respondeo
1110 1113 1117 1120 .
1152 1114 1159 1121 .
1192 1112 1201 1120 .
1227 1082 1509 1122 admittendo

91 1147 226 1188 talem
243 1161 382 1200 aeque
399 1149 591 1201 graviter
608 1156 893 1202 peccaturum
912 1150 1158 1190 dummodo
1175 1150 1338 1191 habeat
1356 1151 1510 1191 volun-

91 1222 231 1255 tatem
274 1229 376 1255 vere
419 1216 656 1265 efficacem,
689 1230 764 1257 seu
808 1230 865 1256 ex
918 1230 1006 1269 qua
1060 1232 1210 1258 revera
1253 1226 1512 1271 sequeretur

92 1285 254 1325 occisio
274 1284 393 1325 mille
411 1285 641 1325 hominum
660 1286 695 1324 si
714 1285 884 1325 nullum
903 1293 1019 1327 esset
1040 1287 1425 1339 impedimentum.
1459 1318 1468 1327 .
1503 1322 1511 1329 .

94 1352 222 1392 Idem
245 1359 313 1393 est
336 1354 392 1393 de
415 1353 646 1394 voluntate
668 1353 814 1393 alendi
839 1354 958 1394 mille
981 1369 1197 1408 pauperes
1230 1387 1239 1396 .
1273 1389 1280 1397 .
1313 1389 1321 1397 .

148 1434 251 1474 422.
285 1422 414 1464 “Sed
449 1423 697 1463 notandum
737 1429 803 1462 est
841 1422 1061 1474 ejusmodi
1096 1425 1349 1465 voluntates
1377 1439 1510 1478 saepe

92 1505 186 1532 esse
210 1492 469 1537 inefficaces
493 1492 594 1532 licet
617 1498 664 1531 ut
697 1490 896 1532 efficaces
930 1492 1353 1545 apprehendantur,·
1388 1495 1508 1547 quod

91 1563 294 1615 provenit
317 1577 374 1602 ex
400 1576 453 1602 eo
486 1563 606 1614 quod
640 1567 818 1601 nostrae
849 1561 1090 1602 voluntatis
1123 1563 1308 1603 affectus
1342 1576 1430 1602 non
1454 1563 1509 1602 sit

93 1630 426 1684 nobismetipsis
447 1631 553 1671 satis
577 1630 794 1683 cognitus,
817 1637 860 1669 et
893 1644 1041 1670 revera
1073 1631 1331 1685 saepissime
1353 1632 1510 1683 depre-

96 1698 344 1750 hendimus,
386 1700 654 1741 adveniente
708 1700 972 1748 tentatione,
1015 1699 1207 1741 debilem
1262 1715 1509 1755 parumque

98 1767 321 1809 efficacem
362 1783 457 1810 esse
492 1769 771 1810 voluntatem
809 1775 1021 1818 nostram,
1042 1783 1178 1822 quam
1201 1776 1352 1811 tamen
1376 1778 1509 1812 antea

98 1837 426 1878 credideramus
451 1837 802 1878 efficacissimam
822 1851 830 1877 ε
864 1837 998 1890 idque
1020 1839 1181 1879 accidit
1205 1839 1248 1880 S.
1273 1840 1415 1889 Petro,
1434 1841 1508 1893 qui

97 1906 286 1959 putabat
309 1920 356 1947 se
376 1906 612 1946 efficaciter
643 1905 755 1946 velle
792 1904 1017 1946 Christum
1051 1907 1176 1959 sequi
1210 1908 1384 1948 etiamsi
1407 1922 1508 1949 cum

97 1976 173 2017 illo
225 1978 335 2017 mori
377 1978 618 2024 debuisset,
663 1977 784 2029 quod
826 1975 1006 2016 volebat
1062 1978 1258 2029 quidem,
1301 1979 1380 2020 sed
1422 1993 1510 2020 non

99 2042 244 2085 adhuc
265 2050 357 2084 tam
375 2045 611 2085 efficaciter
633 2056 768 2097 quam
792 2041 993 2096 putabat,
1012 2044 1192 2096 quando
1215 2044 1397 2097 quidem
1413 2051 1505 2085 tam

98 2113 187 2153 cito
210 2119 253 2154 et
275 2119 367 2154 tam
391 2113 518 2154 facile
540 2119 696 2166 postea
717 2111 868 2165 lapsus
884 2109 991 2152 sit.’''

155 2193 252 2234 423.
285 2182 476 2223 Accedit
520 2181 605 2222 alia
654 2180 914 2234 responsio;
964 2181 1071 2221 satis
1122 2181 1240 2221 enim
1277 2195 1335 2221 ex
1378 2188 1510 2222 antea

100 2248 247 2292 dictis2
266 2256 442 2291 constat
474 2249 689 2290 malitiam
724 2254 801 2288 aut
841 2247 1089 2289 bonitatem
1123 2249 1281 2289 interni
1313 2255 1451 2300 actus,
1472 2250 1508 2290 si

99 2333 188 2360 non
219 2326 303 2372 per
343 2332 396 2368 se,
431 2318 589 2359 saltem
631 2324 716 2370 per
754 2316 960 2366 accidens,
1004 2317 1146 2356 tribus
1188 2317 1332 2357 modis
1377 2330 1511 2371 supra

104 2388 334 2441 expositis,
351 2387 503 2440 augeri
526 2400 584 2427 ex
607 2400 658 2427 eo
681 2386 802 2439 quod
825 2392 949 2426 actus
972 2393 1182 2426 externus
1203 2386 1465 2439 perficiatur.

445 2490 453 2508 ¹
474 2490 583 2528 Perin,
603 2490 743 2530 Quaest.
761 2499 794 2529 4.
813 2495 873 2521 art.
892 2489 937 2520 iv.
959 2489 972 2529 z}
991 2497 1022 2529 3,
1037 2489 1107 2530 obj.
1128 2495 1172 2520 10.

445 2533 459 2553 2
474 2534 553 2564 Vid.
571 2543 682 2574 supra,
701 2543 759 2564 nn.
776 2532 941 2573 406-409.
