1716 2729
114 90 154 117 n.
184 76 264 130 14.]
566 78 618 117 de
635 76 818 117 Actibus
838 77 1074 119 Humanis.
1441 95 1491 126 10
1496 96 1517 136 3

113 193 344 234 vincibilis.
408 192 481 234 Sic
498 205 581 244 v.g.
595 192 669 245 qui
693 205 845 232 carnes
863 192 934 233 die
949 194 1245 237 abstinentiae
1268 200 1521 250 manducat,

115 261 377 302 vincibiliter
395 261 601 313 ignorans
624 261 742 300 diem
766 275 861 301 esse
885 261 1194 310 abstinentiae,
1208 266 1407 317 profecto
1430 269 1523 321 agit

115 345 215 372 cum
258 331 406 384 aliqua
440 328 598 369 saltem
633 328 870 370 formidine
911 330 1122 371 ecclesiae
1164 333 1273 386 legis
1305 342 1524 389 transgre-

116 400 315 441 diendae.
379 398 504 438 Haec
541 397 675 450 igitur
706 399 1012 451 transgressio,
1035 407 1255 453 quatenus
1287 403 1333 442 in
1354 407 1526 456 confuso

117 466 475 521 apprehenditur,
499 472 682 506 eatenus
705 466 957 508 voluntaria
979 467 1073 508 est.l

178 579 272 619 262.
309 579 681 620 COROLLARIUM
724 582 787 620 Im.
820 580 1082 633 Ignorantia
1124 583 1343 624 vincibilis
1384 585 1529 626 volun-

119 648 284 688 tariam
319 646 470 686 saltem
508 645 957 701 niinm't.--Namque
979 663 1032 690 eo
1064 651 1209 692 minus
1231 652 1530 694 voluntarium

119 723 186 757 est
209 716 388 770 aliquid,
410 731 499 770 quo
531 716 677 756 minor
697 716 887 758 habetur
908 718 1024 758 illius
1047 721 1244 773 cognitio
1280 736 1356 763 seu
1380 724 1532 764 adver-

120 787 270 827 tentia.
331 787 551 839 Jamvero,
573 791 621 825 ut
644 792 778 837 patet,
804 786 912 827 haec
935 789 1117 829 omnino
1141 791 1284 830 minor
1315 797 1382 831 est
1404 792 1447 831 in
1480 806 1532 832 eo

119 854 194 907 qui
217 868 320 904 rem,
358 855 440 895 etsi
462 853 741 903 vincibiliter,
781 855 968 908 ignorat,
990 870 1124 909 quam
1150 859 1192 898 in
1227 873 1280 899 eo
1315 860 1383 900 cui
1419 861 1533 901 inest

120 923 179 963 rei
202 924 385 964 scientia
404 939 411 964 ε
435 930 618 964 eatenus
642 923 777 976 igitur
797 925 1096 967 voluntarium
1121 927 1360 969 minuitur.²

180 1004 275 1055 263.
310 1003 524 1044 COROLL.
579 1006 646 1042 2¹¹².
699 1002 882 1057 Ideoque
930 1005 1146 1046 vincibilis
1189 1008 1439 1060 ignorantia
1480 1008 1535 1062 (si

120 1072 266 1125 agitur
288 1073 343 1113 de
375 1072 533 1112 effectu
557 1078 634 1113 aut
656 1073 990 1114 circumstantia
1023 1074 1119 1127 lege
1151 1076 1388 1128 prohibita,
1411 1083 1459 1117 ut
1492 1078 1534 1117 in

121 1140 331 1192 exemplo
371 1154 408 1182 n.
433 1139 532 1191 256.
570 1141 755 1193 tradito)
789 1142 952 1183 minuit
985 1144 1387 1198 culpam—Neque
1418 1147 1535 1186 enim

122 1209 368 1261 quidquam
419 1215 567 1262 potest
609 1210 653 1249 in
697 1209 875 1263 culpam
918 1211 1127 1264 imputari
1181 1213 1262 1252 nisi
1316 1220 1536 1266 quatenus

124 1276 421 1318 voluntarium
445 1275 542 1317 est.3
604 1277 792 1331 Insuper
813 1284 938 1332 patet
959 1279 1214 1332 hujusmodi
1238 1282 1536 1334 ignorantiam

123 1349 301 1403 culpam
325 1350 520 1390 minuere
541 1349 712 1390 diverse
735 1363 814 1402 pro
851 1351 1025 1391 diverso
1048 1351 1347 1404 negligentiae
1368 1353 1535 1405 gradu:

120 1419 233 1458 adeo
276 1423 325 1458 ut
366 1418 400 1457 si
444 1417 716 1471 negligentia
753 1418 898 1458 solum
940 1417 1048 1459 levis
1090 1419 1145 1459 sit
1188 1426 1266 1460 aut
1298 1419 1533 1469 levissima,

119 1491 351 1539 peccatum
395 1486 515 1539 quod
553 1485 751 1539 alioquin
795 1493 911 1527 esset
954 1487 1141 1527 mortale
1183 1488 1344 1528 evadat
1386 1489 1529 1529 solum

117 1554 318 1605 veniale;
359 1554 394 1593 si
436 1561 584 1595 autem
627 1554 900 1608 negligentia
937 1556 993 1596 sit
1037 1556 1259 1603 notabilis,
1301 1563 1532 1609 peccatum

121 1628 346 1663 remaneat
370 1622 568 1663 mortale.
634 1623 706 1664 Ita
730 1622 950 1677 Struggl.4

178 1702 273 1752 264.
309 1700 522 1742 COROLL.
558 1705 629 1753 3¹¹².
698 1701 849 1755 Neque
878 1709 1019 1743 tamen
1039 1704 1250 1756 ejusmodi
1280 1705 1530 1757 ignorantia

117 1770 281 1822 culpam
302 1770 672 1812 todia—Etenim
696 1771 770 1811 ille
801 1785 909 1812 sane
930 1778 1085 1824 peccat
1117 1773 1191 1825 qui
1214 1773 1462 1814 voluntarie
1483 1788 1529 1814 se

118 1840 305 1892 exponit
341 1840 534 1893 periculo
576 1840 971 1894 transgrediendae
1006 1841 1127 1894 legis,
1163 1855 1250 1882 non
1284 1843 1527 1895 praemissa

120 1906 349 1960 diligentia
398 1909 551 1948 morali
603 1909 659 1949 ad
714 1908 959 1962 periculum
1011 1910 1365 1962 praecavendum
1394 1925 1402 1951 ;
1460 1924 1527 1951 res

120 1974 361 2016 illustratur
393 1977 551 2017 eodem
589 1976 797 2029 exemplo
830 1990 869 2016 n.
904 1976 996 2028 256.
1030 1978 1401 2020 tradito—Unde
1435 1979 1526 2020 TT.

120 2042 302 2083 axioma
331 2045 526 2094 tradunt,
548 2045 844 2097 ignorantiam
867 2045 1118 2085 vincibilem
1151 2060 1364 2086 excusare
1387 2060 1469 2086 non
1499 2061 1526 2086 a

120 2117 202 2151 toto
222 2110 300 2151 sed
314 2125 341 2150 a
364 2118 493 2152 tanto.

165 2264 171 2281 ¹
192 2264 269 2295 Vid.
290 2265 425 2302 Suarez,
448 2265 505 2295 Tr.
523 2265 562 2296 de
583 2266 787 2304 Voluntaria,
817 2265 908 2297 Diss.
934 2275 967 2306 4.
986 2272 1066 2297 sect.
1096 2267 1131 2297 ii.
1150 2277 1182 2297 11.
1204 2275 1252 2306 19.
1291 2267 1369 2297 Vid.
1389 2267 1523 2307 Sporer,

120 2307 233 2338 Tract.
264 2315 292 2337 1.
312 2318 384 2348 cap.
402 2307 435 2338 ii.
455 2318 485 2338 n.
505 2308 569 2348 363
589 2309 775 2350 Laymann,
797 2309 871 2341 Lib.
896 2317 922 2340 1.
939 2315 1033 2342 tract.
1054 2310 1088 2341 ii.
1107 2321 1182 2351 cap.
1200 2310 1242 2341 iv.
1256 2320 1288 2340 n.
1308 2320 1351 2349 4;
1371 2310 1522 2349 Lacroix,

120 2350 197 2381 Lib.
220 2358 247 2385 1,
265 2351 317 2382 De
329 2350 541 2389 Conscientia,
561 2362 594 2382 n.
612 2361 668 2391 42.

163 2394 176 2413 2
192 2394 270 2424 Vid.
290 2394 424 2435 Sporer,
443 2395 524 2425 ibid.
543 2406 578 2426 n.
597 2402 661 2436 373
691 2396 839 2437 StruggL
867 2396 972 2428 Theol.
990 2397 1147 2434 Moralis,
1168 2398 1280 2428 Tract.
1305 2405 1334 2426 1.
1353 2404 1479 2437 quaest.
1499 2397 1522 2428 i.

118 2448 150 2469 n.
170 2446 228 2477 43.

161 2481 174 2501 3
191 2480 268 2511 Vid.
291 2480 424 2521 Sporer,
443 2481 526 2512 ibid.

162 2524 176 2544 4
192 2524 281 2555 Ibid.
301 2523 354 2555 Cf.
374 2524 470 2562 Viva,
494 2524 609 2565 Opusc.
645 2525 749 2557 Tlceol.
772 2526 896 2556 sploral.
916 2527 957 2562 l.‚
978 2527 1117 2566 Quaest.
1137 2535 1167 2567 3.
1187 2532 1248 2557 art.
1268 2526 1324 2557 vii.
1342 2536 1400 2557 nn.
1419 2527 1486 2566 3-6.
