1716 2729
135 59 205 87 nn.
225 57 266 97 4,
285 45 339 100 5.]
584 47 635 88 de
654 47 835 88 Actibus
856 49 1091 92 Humanis.
1479 71 1523 112 15

135 167 302 211 exorta,
325 175 425 202 suas
453 175 618 202 merces
658 162 702 202 in
738 177 859 204 mare
889 165 1064 218 projicit
1095 169 1152 208 ad
1188 170 1324 211 vitam
1354 187 1528 215 conser-

133 230 325 269 vandam
357 230 499 282 reipsa
532 229 807 271 voluntarius
837 238 914 282 est,
937 239 981 273 et
1010 234 1110 275 ideo
1143 249 1231 277 non
1263 246 1409 291 potest
1442 243 1526 284 dici

133 297 383 349 simpliciter
420 298 765 340 z'nvoluntarz’us:
816 301 1026 352 quoniam
1077 317 1179 344 vero
1229 306 1358 347 simul
1402 312 1527 353 adest

134 365 356 406 inclinatio
392 365 525 405 animi
559 365 778 416 inefficax,
807 381 893 420 qua
925 369 1057 410 vellet
1092 385 1191 412 suas
1223 386 1389 415 merces
1421 391 1526 418 con-

134 446 305 473 servare
332 432 368 472 si
403 433 446 472 id
484 440 633 486 posset
670 435 763 475 sine
797 436 992 488 periculo
1030 439 1246 493 naufragii
1290 441 1393 491 fieri,
1427 445 1528 486 ideo

133 501 403 541 voluntariUs
425 508 548 542 actus
569 502 828 555 projiciendi
861 505 992 544 simul
1017 507 1177 548 dicitur
1208 508 1531 554 z'nvolmllarius

131 570 356 609 secundum
378 570 491 622 qnid.
555 570 668 610 Item
700 585 768 611 res
791 571 1036 613 illustratur
1067 577 1275 630 exemplo
1298 587 1529 631 apostatae

133 638 218 690 qui,
240 638 415 690 tyranni
438 638 669 678 tormentis
691 639 864 689 cedens,
886 640 1020 681 fidem
1055 642 1218 684 Christi
1241 645 1445 700 denegat,
1467 649 1530 690 ita

131 710 280 746 tamen
295 706 444 746 animo
459 706 642 747 affectus
656 713 704 747 ut
716 707 857 748 multo
873 709 1080 750 libentius
1093 711 1225 752 fidem
1240 714 1528 770 profiteretur,

132 779 176 814 et
197 774 296 814 ideo
326 788 414 814 non
446 775 639 827 denegat
671 789 770 815 eam
804 777 885 816 nisi
915 779 970 817 ad
1003 779 1139 819 vitam
1168 785 1526 825 conservandam·

132 841 410 882 Contrariam
447 842 702 895 hujusmodi
733 844 867 884 animi
896 845 1224 889 inclinationem
1257 850 1400 893 solent
1431 853 1526 893 TT.

131 908 381 950 vellez'tatem
401 924 586 960 vocare;
632 911 850 963 ejusmodi
876 913 994 954 enim
1028 921 1095 955 est
1122 922 1169 956 ut
1195 931 1343 970 agens,
1365 920 1408 959 in
1431 920 1527 960 aliis

131 991 273 1018 rerum
295 977 514 1030 adjunctis
536 979 814 1030 constitutus,
836 983 1104 1023 contrarium
1132 984 1264 1034 vellet,
1289 987 1382 1037 etsi,
1403 988 1446 1027 in
1475 989 1526 1028 iis

130 1059 244 1098 quae
275 1047 448 1095 adsunt,
470 1046 578 1087 illud
607 1060 695 1086 non
716 1047 825 1090 vult.
909 1048 983 1091 Sic
1019 1064 1104 1104 v.g.
1129 1053 1299 1095 secluso
1332 1056 1527 1108 periculo

131 1113 367 1166 praedicto,
392 1120 610 1154 mercator
631 1128 731 1155 suas
755 1129 920 1157 merces
943 1131 1201 1161 conservare
1223 1122 1367 1173 vellet,
1390 1130 1525 1177 atque

131 1187 335 1234 apostata
359 1181 432 1221 ille
453 1181 588 1222 fidem
613 1182 776 1224 Christi
799 1184 1004 1238 profiteri.

469 1338 487 1391 ς
514 1348 550 1389 3.
581 1338 649 1378 De
677 1339 905 1381 Dz'vz‘sz'one
936 1341 1189 1385 Voluntarz'z'.

186 1428 256 1477 48.
289 1428 516 1474 Divisio,
580 1427 892 1470 voluntarium
930 1431 1127 1483 pluribus
1175 1436 1319 1476 modis
1371 1437 1525 1477 distin-

129 1494 288 1547 guitur.

186 1573 254 1614 49.
289 1562 371 1603 Est
398 1566 438 1603 1⁰
458 1562 643 1603 elicitum
664 1564 732 1604 vel
754 1564 1011 1617 imperatum
1028 1583 1043 1609 :
1064 1570 1183 1621 quod
1201 1571 1305 1611 satis
1323 1572 1526 1626 intelligi-

129 1637 199 1671 tur
221 1644 279 1670 ex
301 1636 431 1671 antea
455 1631 515 1680 (n.
539 1629 626 1684 27.)
650 1632 791 1673 dictis.

191 1708 254 1751 50.
287 1699 370 1740 Est
392 1701 436 1740 2⁰
471 1700 651 1741 liberum
688 1701 756 1741 vel
789 1705 1079 1747 necessarium.
1145 1707 1316 1748 Dicitur
1348 1709 1527 1750 liberum

129 1781 265 1820 quum
286 1767 490 1809 voluntas
513 1769 574 1809 ita
595 1769 878 1811 constituitur
909 1778 969 1822 ut,
991 1774 1146 1826 positis
1167 1775 1300 1816 etiam
1323 1777 1527 1818 omnibus

131 1836 188 1877 ad
211 1835 435 1888 agendum
457 1836 689 1890 requisitiS,
712 1837 781 1878 vel
814 1852 945 1892 agere
976 1841 1115 1893 possit
1150 1843 1220 1883 vel
1258 1857 1344 1884 non
1368 1859 1527 1898 agere:

129 1918 254 1946 secus
276 1904 512 1946 dicendum
543 1911 611 1946 est
641 1906 931 1948 necessarium.
992 1908 1094 1949 Vid.
1116 1924 1248 1963 supra
1270 1911 1363 1965 (nn.
1386 1912 1527 1966 9-12.)

131 1972 369 2028 exposita.¹

192 2051 254 2094 51.
289 2042 382 2084 Est.
407 2046 450 2095 3⁰
472 2050 637 2096 purum
669 2043 737 2084 vel
766 2045 963 2086 mixtum.
1025 2046 1335 2089 Voluntarium
1363 2056 1529 2101 purum

130 2125 205 2152 seu
218 2111 395 2164 plenum
416 2110 524 2151 illud
547 2110 708 2151 dicitur
729 2112 848 2164 quod
877 2114 1042 2154 nullam
1072 2129 1220 2156 secum
1245 2115 1526 2169 conjunctam

129 2179 265 2219 habet
285 2179 563 2220 renitentiam
587 2193 662 2220 seu
694 2180 1025 2223 inclinationem
1054 2183 1098 2223 in
1121 2186 1413 2226 contrarium:
1451 2199 1527 2225 ex-

130 2246 326 2300 emplum
347 2261 427 2300 v.g.
450 2253 516 2288 est
539 2248 582 2287 in
605 2261 657 2288 eo
679 2248 753 2301 qui
783 2249 949 2290 donum
984 2251 1283 2303 gratissimum
1307 2253 1363 2293 ab
1385 2252 1528 2292 amico

130 2315 329 2355 oblatum
352 2315 500 2356 animo
533 2316 713 2356 omnino
745 2323 954 2370 prompto
987 2319 1155 2372 accipit.
1217 2319 1528 2360 voluntarium

132 2382 315 2423 mixtum
355 2396 432 2424 seu
474 2397 555 2424 non
585 2384 764 2437 plenum
815 2393 882 2425 est
926 2385 1033 2427 illud
1084 2387 1202 2439 quod
1245 2386 1528 2427 renitentiam

521 2537 529 2559 ¹
548 2537 600 2570 Cf.
619 2538 814 2581 Tongiorgi,
834 2540 910 2572 Lib.
929 2541 978 2573 iii.
997 2552 1030 2573 n.
1050 2547 1124 2581 514.
