1716 2729
99 120 172 148 nn.
197 118 263 156 22,
286 119 309 147 2
316 107 373 161 3.]
561 108 613 148 de
631 107 814 148 Actibus
835 106 1074 147 Humanis.
1436 117 1513 159 147

100 224 224 264 Deus
265 223 431 276 aliquid
481 223 712 276 approbat,
757 222 978 277 prohibet,
1005 228 1081 262 aut
1123 223 1353 275 permittit,
1388 224 1512 276 quasi

86 292 308 344 primario
337 298 380 331 et
408 298 490 344 per
522 305 576 340 se,
598 291 641 331 id
675 297 753 340 est,
787 292 958 331 secluso
990 291 1163 344 agentis
1198 305 1351 341 errore,
1392 293 1513 344 igno-

99 361 253 409 rantia,
276 360 425 409 dubio,
446 365 522 399 aut
544 359 630 400 alia
661 359 861 399 indebita
893 359 953 399 rei
987 359 1348 411 apprehensione.
1413 362 1511 402 Lex

98 443 202 470 vero
257 441 505 480 consequens
557 440 609 467 ea
665 433 730 467 est
787 441 902 481 quae
960 434 1110 467 actum
1167 428 1345 481 respicit
1386 431 1510 482 quasi

96 497 356 545 secundarie,
378 502 422 536 et
445 503 529 548 per
556 495 759 546 accidens,
782 497 826 537 id
861 502 940 545 est,
970 496 1117 549 posito
1153 496 1302 548 aliquo
1336 499 1509 550 agentis

100 579 256 614 errore,
308 564 568 617 ignorantia,
619 565 767 614 dubio,
822 571 897 606 aut
953 565 1039 605 alia
1091 565 1291 606 indebita
1333 567 1391 606 rei
1435 581 1511 619 ap—

102 633 405 688 prehensione.
489 632 562 674 Sic
593 646 678 686 vg.
719 633 815 686 lege
856 634 1118 674 antecedenti
1150 634 1355 686 prohibet
1388 635 1511 676 Deus

105 718 160 744 ne
211 703 320 756 quis,
364 702 564 743 Ecclesia
605 703 648 743 id
701 703 974 757 prohibente,
1019 718 1172 746 carnes
1224 704 1329 745 feria
1381 711 1510 745 sexta

105 772 338 821 comedat3
392 770 489 824 lege
527 776 677 811 autem
711 771 979 825 consequenti
1018 772 1061 812 id
1104 773 1249 825 ipsum
1292 772 1510 824 permittit

103 843 156 884 iis
197 842 271 895 qui
309 841 491 882 minime
524 842 759 882 advertant
796 856 888 882 rem
912 856 1007 883 esse
1041 843 1097 883 ab
1132 842 1332 883 Ecclesia
1368 841 1514 895 prohi-

105 909 276 953 bitam.l

164 991 257 1032 392.
292 980 450 1032 Neque
471 985 622 1020 tamen
656 980 925 1020 censendum
960 985 1026 1020 est
1064 980 1212 1020 Deum
1249 981 1311 1020 sic
1343 980 1515 1034 legibus

102 1049 191 1090 suis
227 1048 570 1089 contradictoria
607 1048 846 1089 statuisse:
886 1048 1052 1089 etenim
1086 1050 1203 1089 actio
1241 1049 1322 1089 sub
1346 1050 1515 1090 ratione

101 1118 284 1159 omnino
304 1118 477 1158 diversa
499 1123 726 1170 spectatur
748 1117 792 1157 in
815 1116 990 1158 duobus
1013 1118 1202 1159 casibus.
1264 1118 1337 1160 Sic
1359 1119 1516 1159 statuit

102 1187 177 1227 lex
205 1187 459 1235 antecedens,
482 1185 731 1239 “prohibeo
764 1186 1045 1228 mendacium
1084 1186 1146 1227 ita
1180 1193 1229 1227 ut
1262 1187 1304 1227 in
1337 1187 1515 1241 culpam

101 1254 346 1307 imputetur
377 1255 428 1294 iis
460 1253 666 1294 omnibus
715 1254 1035 1295 mentientibus
1084 1255 1243 1308 quibus
1274 1255 1383 1296 haec
1415 1270 1514 1309 pro-

102 1323 260 1364 hibitio
282 1323 388 1363 satis
412 1322 698 1362 manifestata
720 1323 776 1362 sit
794 1321 828 1361 :”
852 1323 1009 1363 statuit
1029 1336 1133 1364 vero
1156 1323 1231 1363 lex
1253 1338 1514 1377 consequens,

104 1392 222 1432 “hoc
255 1391 536 1432 mendacium
572 1390 700 1441 Petri,
732 1391 807 1443 qui
851 1391 1068 1432 malitiam
1112 1390 1207 1445 ejus
1239 1406 1292 1433 ne
1330 1394 1514 1434 minime

102 1461 283 1515 quidem
315 1459 576 1513 suspicatur,
619 1459 680 1500 ita
720 1459 930 1512 permitto
977 1466 1026 1501 ut
1062 1461 1107 1501 in
1140 1460 1319 1515 culpam
1352 1463 1391 1503 ei
1424 1477 1512 1504 non

102 1524 382 1580 imputetur.’'

162 1606 254 1647 393.
288 1593 352 1634 At
384 1593 569 1634 fortasse
601 1593 731 1634 alicui
764 1595 998 1646 videbitur,
1040 1597 1075 1637 si
1124 1597 1234 1638 haec
1274 1612 1378 1639 vera
1409 1600 1512 1652 sint,

101 1664 263 1705 debere
302 1664 404 1704 ideo
436 1662 521 1703 dici
554 1662 691 1711 illum,
714 1663 788 1716 qui
843 1664 905 1705 sic
961 1667 1216 1716 mentiatur,
1239 1667 1383 1720 reipsa
1425 1682 1513 1709 non

101 1745 295 1786 peccare,
315 1745 371 1772 ne
403 1731 693 1772 materialiter
721 1732 917 1785 quidem,
941 1747 1078 1786 quum
1111 1735 1255 1788 reipsa
1286 1749 1375 1776 non
1409 1744 1513 1789 agat

99 1801 310 1842 adversus
341 1799 478 1840 ullam
512 1800 598 1844 Dei
630 1799 789 1853 legem,
813 1814 956 1855 neque
988 1809 1334 1856 consequentem
1369 1818 1513 1858 neque

100 1868 451 1910 antecedentem:
501 1868 844 1921 Respondemus
869 1872 1142 1924 exponendo
1164 1873 1270 1925 quid
1293 1872 1512 1926 significet

103 1936 427 1977 “materialiter
457 1934 679 1990 peccare.''
742 1937 903 1991 Itaque
935 1940 1047 1992 “qui
1080 1939 1247 1993 aliquid
1279 1941 1332 1981 a⁷e
1348 1956 1392 1982 se
1411 1955 1511 1994 pro-

102 2005 292 2045 hibitum
350 2010 558 2058 operatur
621 2018 680 2046 ex
744 2004 1002 2058 hujusmodi
1054 2008 1318 2061 ignorantia,
1351 2009 1512 2049 dicitur

101 2087 285 2128 peccare
324 2072 621 2124 materialiter,
655 2073 699 2113 in
750 2080 968 2127 quantum
1026 2076 1153 2129 ponit
1194 2076 1240 2117 id
1281 2078 1400 2130 quod
1444 2083 1511 2118 est

101 2141 285 2182 materia
326 2140 435 2194 legis
476 2141 752 2194 prohibentis
797 2149 841 2183 et
884 2143 985 2184 ideo
1013 2144 1254 2198 obligantis
1296 2145 1393 2186 illos
1435 2145 1510 2198 qui

96 2208 388 2251 sufficientem
426 2208 536 2262 legis
571 2210 778 2251 notitiam
814 2211 982 2252 habent
1027 2211 1107 2266 [ita
1141 2219 1201 2264 ut,
1225 2213 1260 2254 si
1298 2213 1509 2255 adversus

98 2278 243 2331 legem
280 2282 427 2330 agant,
451 2277 496 2318 id
535 2277 580 2319 in
613 2278 782 2332 culpam
803 2278 856 2320 iis
880 2279 1144 2336 imputetur]
1180 2313 1190 2322 .
1223 2314 1233 2324 .
1264 2313 1273 2324 .
1306 2295 1510 2335 quaeque

167 2482 244 2513 Vid.
271 2481 415 2518 Rassler‚
433 2482 562 2513 Norma
577 2483 678 2521 Recti,
708 2482 809 2526 Disp.
831 2493 859 2516 1.
889 2490 1022 2528 quaest.
1039 2487 1097 2518 vii.
1114 2498 1145 2519 n.
1170 2495 1231 2528 301
1248 2497 1255 2525 ;
1275 2487 1511 2524 Mondsehein‚

95 2527 208 2558 Tract.
224 2534 257 2556 2.
274 2536 307 2557 n.
326 2524 614 2574 41231Mazzotta,
631 2526 743 2560 Tract.
779 2537 806 2560 1.
826 2529 915 2571 disp.
932 2529 955 2563 i.
982 2535 1108 2572 quaest.
1133 2531 1166 2562 ii.
1191 2541 1264 2573 cap.
1282 2539 1324 2572 3;
1357 2531 1511 2569 Lacmix,

97 2569 171 2601 Lib.
192 2577 220 2602 1.
234 2569 288 2601 De
307 2569 518 2606 Conscientia,
535 2579 592 2601 nn.
609 2578 683 2611 332,
699 2570 774 2612 338,
794 2580 869 2614 339.
