1716 2729
180 109 196 137 Ι
202 109 259 148 40
800 100 1029 140 Tractatus
1407 100 1499 148 [GU
1507 110 1535 141 R
1545 111 1585 149 Y,

173 213 397 254 stabilitur
437 215 697 267 praesertim
745 229 802 256 ex
848 230 900 256 eo
947 217 1069 269 quod
1116 215 1268 269 regula
1316 217 1583 258 moralitatis

173 283 337 324 habere
359 284 494 325 debet
524 285 614 326 vim
647 285 904 338 obligandi;
938 291 1120 326 eatenus
1152 285 1270 326 enim
1303 285 1400 337 quis
1432 292 1589 339 peccat

173 351 384 391 recedens
407 365 432 392 a
463 352 627 406 regula,
649 359 870 406 quatenus
902 353 1070 406 aliquid
1103 353 1209 394 facit
1241 359 1318 394 aut
1340 354 1509 394 omittit
1531 354 1588 395 ad

173 420 295 472 quod
328 434 352 461 e
384 421 604 462 contrario
635 422 936 463 omittendum
969 428 1046 463 aut
1078 422 1331 463 faciendum
1354 422 1587 476 obligatur.

173 488 382 541 Jamvero
424 496 582 530 natura
623 491 851 531 rationalis
905 504 991 530 non
1047 491 1183 531 habet
1225 492 1314 531 vim
1358 490 1587 544 obligandi

172 555 364 609 seipsam
387 571 396 607 ;
419 557 634 610 obligatio
657 560 775 598 enim
799 573 886 599 non
909 565 1058 612 potest
1087 560 1318 613 provenire
1345 559 1427 599 nisi
1460 573 1486 599 a
1517 573 1587 599 su-

173 627 353 680 periore,
378 641 521 681 neque
544 635 702 670 natura
723 635 790 670 est
812 631 1011 684 superior
1032 631 1099 670 sui
1122 630 1268 683 ipsius.
1333 631 1587 671 Dicendum

173 696 308 750 igitur
350 705 417 738 est
458 699 715 752 primariam
759 700 1024 740 moralitatis
1066 700 1266 753 regulam
1310 713 1405 740 esse
1442 699 1586 752 legem

172 772 398 806 aeternam
433 767 549 818 Dei;
582 782 726 821 neque
759 769 877 809 enim
928 768 1015 809 alia
1056 775 1123 809 est
1166 768 1318 821 regula
1363 774 1586 810 creaturas

172 835 398 876 universas
415 835 649 889 obligans.1
712 837 847 878 Unde
869 838 930 878 ait
954 837 996 879 S.
1015 836 1245 887 Thomas,2
1267 840 1288 856 ‘³
1307 836 1587 890 Augustinus

172 903 215 943 in
238 903 498 945 definitione
529 906 700 959 peccati
733 906 882 959 posuit
914 907 1029 947 duo:
1062 920 1200 947 unum
1235 906 1358 959 quod
1391 906 1585 959 pertinet

171 973 227 1013 ad
249 973 539 1014 substantiam
561 981 682 1014 actus
701 974 897 1024 humani,
920 976 1040 1028 quod
1063 981 1131 1015 est
1152 975 1281 1028 quasi
1303 974 1527 1015 materiale
1541 975 1586 1015 in

169 1047 367 1095 peccato,
385 1056 522 1095 quum
545 1043 675 1091 dixit,
700 1043 884 1084 ‘dictum
913 1043 982 1084 vel
992 1044 1171 1096 factum
1188 1043 1256 1084 vel
1273 1043 1552 1096 concupitum'
1567 1059 1587 1092 ,-

170 1110 290 1152 aliud
315 1119 465 1152 autem
500 1114 620 1166 quod
649 1113 843 1166 pertinet
879 1113 935 1154 ad
974 1114 1185 1154 rationem
1218 1112 1339 1163 mali,
1361 1114 1480 1166 quod
1519 1119 1587 1154 est

170 1181 297 1233 quasi
328 1182 525 1232 formale
572 1183 616 1222 in
662 1188 861 1235 peccato,
906 1196 1043 1236 quum
1086 1182 1216 1232 dixit,
1239 1185 1415 1221 ‘contra
1456 1182 1586 1234 legem

169 1252 414 1289 aeternam.⁷
431 1250 667 1304 ’'—Atque
689 1250 795 1290 alibi
818 1251 934 1291 dixit
969 1250 1011 1292 S.
1037 1250 1320 1304 Augustinus
1341 1248 1367 1292 ;3
1388 1253 1410 1269 “
1426 1250 1586 1304 Neque

170 1324 403 1370 peccatum
428 1319 524 1369 erit,
543 1319 578 1359 si
611 1319 717 1372 quid
750 1320 844 1369 erit,
866 1320 901 1359 si
935 1333 1023 1360 non
1055 1319 1274 1360 divinitus
1302 1319 1518 1373 jubeatur
1537 1325 1586 1360 ut

171 1399 260 1425 non
278 1385 371 1426 sit.'’

233 1466 327 1507 372.
362 1455 512 1510 Quum
550 1470 654 1497 vero
690 1457 879 1497 morales
917 1458 1006 1497 sint
1039 1464 1165 1497 actus
1202 1457 1323 1497 haud
1357 1455 1487 1510 pauci
1510 1455 1585 1509 qui

171 1538 251 1564 nec
285 1525 618 1579 praecipiuntur
655 1539 735 1566 nec
772 1526 1074 1579 prohibentur,
1112 1526 1312 1579 “juverit
1343 1525 1414 1567 hic
1436 1525 1584 1566 obser-

170 1606 308 1642 vasse,
330 1607 468 1646 quum
490 1594 692 1634 universe
714 1595 877 1635 dicitur
897 1608 1153 1648 supremam
1183 1595 1383 1647 regulam
1408 1593 1584 1635 morali-

170 1661 275 1700 tatis
296 1675 391 1701 esse
414 1662 558 1716 legem
581 1669 807 1703 aeternam
832 1663 931 1712 Dei,
953 1664 1219 1704 sumendam
1240 1663 1356 1705 hanc
1377 1677 1474 1704 esse
1496 1676 1585 1702 non

170 1731 458 1782 strictissime,
501 1738 721 1785 quatenus
763 1732 829 1785 (a)
873 1733 1015 1772 solam
1058 1733 1203 1786 legem
1251 1731 1584 1786 praeczpz'entem

171 1811 222 1838 ac
253 1799 546 1851 prohibentem
578 1799 918 1853 complectitur;
960 1801 1038 1841 sed
1081 1799 1232 1853 paullo
1274 1800 1420 1849 latius,
1453 1805 1586 1853 prout

171 1868 511 1921 comprehendit
567 1869 624 1920 (b)
680 1869 815 1908 etiam
867 1868 1011 1922 legem
1065 1882 1184 1909 mere
1235 1868 1475 1917 suasivam,
1508 1881 1585 1909 seu

168 1936 406 1986 consilium,
428 1937 628 1990 majusve
660 1937 744 1978 Dei
776 1937 1119 1990 beneplacitum,
1140 1938 1196 1978 de
1228 1937 1377 1990 aliqua
1399 1938 1586 1986 actione,

170 2005 279 2045 citra
301 2010 452 2046 tamen
475 2006 754 2047 voluntatem
787 2006 902 2046 illius
928 2007 984 2047 ad
1017 2006 1132 2047 hanc
1165 2020 1244 2046 nos
1276 2006 1519 2059 obligandi,
1541 2010 1585 2046 et

172 2072 225 2126 (c)
262 2087 381 2114 mere
407 2074 727 2126 permissivam,
761 2088 849 2129 qua
882 2074 1005 2115 Deus
1038 2075 1265 2128 objectum
1298 2074 1585 2116 solummodo

171 2156 254 2183 non
275 2142 486 2194 prohibet,
509 2157 652 2196 neque
684 2143 973 2197 praecipiens,
997 2157 1141 2197 neque
1173 2144 1377 2194 suadens,
1399 2150 1448 2185 ut
1479 2143 1585 2184 fiat:

171 2212 375 2264 quamvis
397 2213 515 2253 enim
539 2218 698 2253 neutra
729 2213 888 2254 harum
921 2213 978 2253 sit
1010 2212 1085 2253 lex
1117 2212 1293 2266 proprie
1315 2226 1365 2252 ac
1387 2213 1583 2266 rigorose

171 2289 367 2336 accepta,
401 2290 587 2337 utraque
623 2290 776 2325 tamen
818 2284 1016 2337 regulare
1058 2289 1206 2337 potest
1243 2289 1368 2324 actus
1409 2284 1583 2337 aliquos

170 2352 389 2404 morales;
432 2367 570 2407 quum
613 2360 656 2394 et
708 2354 781 2394 ille
831 2354 907 2407 qui
954 2354 1103 2394 divina
1147 2355 1347 2407 sequitur
1389 2354 1581 2403 consilia,

347 2486 354 2507 ¹
376 2487 427 2517 Ita
444 2487 523 2517 AA.
539 2487 610 2527 jam
626 2486 729 2517 citati.

346 2530 359 2548 ‘³
374 2530 525 2568 Summa,
551 2537 577 2566 Ι,
595 2537 624 2562 2,
643 2529 779 2569 Quaest.
801 2536 852 2569 71.
871 2535 931 2561 art.
951 2529 984 2561 6.

347 2574 359 2590 ³
379 2574 429 2603 De
444 2574 562 2605 Peccat.
585 2573 697 2604 Merit.
721 2577 750 2603 et
765 2573 914 2610 Remiss.,
936 2573 1000 2604 Lib
1018 2581 1048 2603 2.
1066 2583 1142 2613 cap.
1166 2571 1213 2603 16.
