1716 2729
595 64 825 118 Praefatio
855 65 895 106 A
904 65 1071 107 actoris.
1486 67 1532 108 ix

132 180 224 228 hoc
253 180 491 229 Tractatu
531 182 592 229 de
627 182 840 230 Actibus
873 182 1141 236 Humanis,
1168 183 1250 244 qui
1291 194 1367 230 est
1393 184 1532 245 quasi

133 265 510 314 fundamentum
538 266 689 313 totius
715 266 777 313 de
815 266 1036 314 moribus
1062 266 1318 313 doctrinae
1345 267 1532 314 theolo-

132 350 287 413 gicae.
360 350 462 397 Sed
489 349 582 397 hoc
620 349 878 398 consilium
918 350 1083 413 operis
1108 350 1530 413 quemadmodum

133 433 266 481 volui
315 434 647 497 persequendi
698 453 786 483 eae
835 447 1114 482 evenerunt
1160 452 1237 482 res
1285 453 1412 498 quae
1453 454 1530 483 me

132 518 381 566 dimittere
437 519 705 583 coegerint.
801 519 918 566 Non
976 519 1138 566 omnis
1190 530 1355 567 tamen
1413 520 1532 567 mihi

132 603 275 651 deest
319 620 433 666 spes
478 603 582 652 fore
633 615 684 650 ut
728 603 912 667 aliquid
957 603 1244 666 hujusmodi
1293 604 1535 651 conficere

132 688 335 752 possim,
366 687 541 736 saltem
569 689 702 752 quod
743 700 935 752 spectet
961 688 1022 735 ad
1061 688 1250 751 aliquas
1280 689 1538 752 graviores

134 772 441 837 Theologiae
500 772 723 820 Moralis-
751 783 918 836 partes
969 790 1105 836 quas,
1153 790 1303 835 quum
1347 773 1536 820 Profes-

131 860 255 907 soris
282 877 484 908 munere
510 859 759 923 fungerer⁷
785 860 832 906 in
860 859 1041 906 scholis
1068 859 1357 907 tractabam.

206 944 324 992 Duo
367 955 481 991 sunt
527 945 575 991 in
603 944 695 991 hoc
722 943 888 991 libello
914 961 1042 1007 quae
1080 944 1344 1006 praecipue
1381 944 1535 990 anim-

131 1028 323 1076 adverti
367 1028 547 1076 velim:
591 1029 812 1091 primum,
856 1029 903 1075 in
949 1027 1157 1092 singulis
1206 1028 1401 1091 paginis
1452 1046 1536 1091 ap-

133 1113 278 1175 positi
319 1123 435 1160 sunt
478 1113 668 1160 numeri
718 1113 782 1159 ad
832 1112 1122 1160 indicandas
1166 1130 1249 1159 eas
1290 1112 1538 1159 sectiones

133 1197 400 1244 Tractatus
447 1197 498 1245 Ρ.
550 1196 693 1260 Gury
745 1198 792 1244 in
841 1197 1021 1260 quibus
1066 1198 1128 1245 de
1173 1197 1346 1244 iisdem
1392 1196 1538 1244 rebus

132 1281 324 1344 agitur:
376 1280 559 1328 deinde
601 1281 663 1328 ad
705 1292 985 1328 extremum
1026 1281 1203 1328 librum
1249 1282 1536 1345 adjunctum

132 1377 208 1413 est
254 1366 298 1412 C
296 1366 600 1428 0772peudz‘um
649 1366 701 1413 in
759 1366 914 1413 Usum
961 1367 1446 1426 Examinaudm‘um,
1489 1367 1535 1412 in

130 1467 229 1512 quo
254 1450 317 1497 ad
343 1450 544 1497 modum
584 1450 1031 1513 interrogationum
1072 1462 1122 1498 et
1152 1451 1533 1514 responsionum

131 1551 324 1581 summa
350 1534 501 1581 totius
528 1534 596 1581 rei
623 1534 919 1582 continetur.

200 1617 515 1679 Quibusdam
553 1618 764 1666 fortasse
801 1619 1055 1667 videbitur
1082 1637 1161 1667 me
1189 1618 1362 1667 latiore
1389 1637 1535 1684 quam

133 1719 336 1751 necesse
372 1703 435 1750 sit
460 1703 772 1766 expositione
811 1721 952 1751 usum
1002 1719 1128 1752 esse.
1223 1703 1366 1765 Quos
1408 1722 1537 1752 com-

134 1805 334 1836 monere
383 1787 530 1835 velim
597 1788 726 1836 hunc
790 1807 953 1836 meum
1023 1789 1315 1836 Tractatum
1381 1790 1536 1838 multo

133 1874 412 1922 breviorem
451 1891 561 1922 esse
599 1891 746 1937 quam
779 1892 904 1934 quos
936 1874 997 1921 de
1030 1874 1207 1922 eodem
1246 1886 1536 1938 argumento

133 1959 517 2022 conscripserint
552 1958 791 2022 praeclari
829 1958 1142 2022 Theologiae
1174 1959 1421 2022 Magistri,
1452 1960 1534 2022 qui

134 2044 334 2102 quidem
375 2043 622 2091 voluerint
669 2060 767 2090 non
813 2044 1032 2091 breviter
1073 2044 1381 2106 strictimque
1432 2061 1534 2090 rem

134 2129 395 2192 attingere,
423 2128 510 2176 sed
550 2145 634 2175 eas
660 2145 835 2175 omnes
872 2128 1192 2191 quaestiones
1217 2145 1344 2190 quae
1371 2127 1417 2174 in
1446 2126 1535 2173 hac

135 2212 339 2260 materia
385 2212 710 2275 gravissimae
758 2223 872 2259 sunt
920 2223 969 2259 et
1021 2211 1337 2259 difficillimae
1390 2209 1535 2273 plene

134 2313 386 2359 exponere
428 2307 478 2344 et
519 2295 773 2344 illustrare.
853 2297 1034 2359 Neque
1078 2296 1251 2343 dubito
1289 2295 1407 2358 quin
1439 2312 1533 2357 ope

136 2397 450 2428 numerorum
493 2381 555 2428 de
589 2381 768 2444 quibus
805 2381 909 2443 jam
951 2381 1135 2427 dictum
1177 2392 1253 2427 est
1294 2380 1536 2442 legenteS,

135 2465 500 2529 praetermissis
549 2466 607 2512 iis
663 2465 894 2512 omnibus
950 2483 1078 2528 quae
1129 2464 1377 2528 superflua
1425 2481 1535 2511 esse

129 2551 480 2615 judicaverint,
545 2550 888 2613 quaestionem
955 2549 1228 2613 quamlibet
1299 2566 1427 2610 quae
1490 2548 1536 2595 in
