1716 2729
133 79 173 107 n.
202 66 280 120 10.]
593 71 644 111 de
664 71 846 112 Actibus
866 73 1100 118 Humanis.
1478 92 1533 134 73

136 180 406 223 Breviarium
446 183 488 223 in
531 197 652 224 mare
682 186 955 238 projiciendo
996 203 1175 231 causam
1219 195 1344 244 ponit
1388 195 1535 236 Officii

134 254 290 299 postea
330 263 407 303 per
448 252 564 291 diem
606 253 856 303 omittendi,
898 268 950 295 eo
992 256 1087 310 ipso
1128 267 1282 311 peccat
1324 262 1534 304 adversus

135 324 417 370 praeceptum
462 319 606 360 Officii
649 321 889 363 recitandi:
933 324 1038 364 item
1077 328 1151 378 qui
1189 329 1260 368 die
1298 329 1536 373 Dominica

134 396 308 425 summo
331 399 460 426 mane
480 400 528 427 se
549 401 705 428 somno
730 389 819 438 dat,
842 392 1102 442 praevidens
1135 396 1375 446 periculum
1410 398 1533 439 Sacri

134 464 185 491 ea
216 452 287 492 die
316 454 564 503 omittendi2
603 469 655 496 eo
688 456 786 508 ipso
822 465 976 509 peccat
1011 461 1221 502 adversus
1244 472 1531 518 praeceptum

134 518 649 575 Ecclesiae.1—Ideoque
663 524 821 564 eodem
838 527 972 566 modo
990 527 1223 570 incurritur
1240 537 1387 572 reatus
1401 533 1532 585 hujus

130 587 298 638 peccati
340 589 430 628 sive
475 596 630 642 postea
675 592 849 633 eveniat
885 594 976 634 sive
1019 609 1106 636 non
1149 599 1322 638 eveniat
1365 600 1532 641 malum

129 653 252 706 cujus
274 656 516 707 periculum
545 659 836 710 praevidetur.

184 725 230 772 4⁰
263 723 449 776 Insuper
470 738 572 764 vero
606 725 650 766 in
675 726 851 780 culpam
883 728 1091 782 imputari
1115 740 1277 785 potest,
1313 740 1529 787 tanquam

129 789 173 829 in
214 804 258 829 se
296 791 582 842 voluntarius,
625 794 807 836 effectus
847 797 883 837 si
940 804 1095 850 postea
1137 802 1309 842 eveniat
1351 805 1532 855 quando

131 870 278 910 agens,
302 860 337 898 si
373 860 492 909 velit,
516 863 657 914 possit
691 863 813 903 illum
852 865 1077 918 impedire,
1141 868 1213 909 Sic
1247 883 1328 922 vg.
1354 872 1388 910 si
1421 872 1531 924 quis,

127 931 362 978 postquam
401 941 558 968 somno
582 943 627 970 se
659 930 783 971 dedit
805 934 1067 985 praevidens
1099 937 1340 988 periculum
1366 939 1531 979 Missae

127 994 415 1043 omittendae,
457 997 620 1037 deinde
667 1012 690 1038 e
732 1012 890 1040 somno
932 1004 1285 1055 expergefactus,
1328 1008 1440 1046 adeo
1482 1012 1531 1047 ut

125 1061 276 1112 possit,
311 1062 345 1101 si
367 1062 483 1112 velit,
521 1064 703 1105 Missam
743 1068 906 1116 audire,
946 1076 1095 1110 tamen
1125 1071 1247 1111 domi
1283 1073 1532 1114 voluntarie

126 1134 286 1176 manet,
311 1130 508 1182 profecto
544 1146 641 1172 reus
676 1142 740 1173 est
776 1135 962 1176 duorum
1001 1145 1285 1189 peccatorum
1319 1141 1530 1182 adversus

124 1195 334 1237 ecclesiae
357 1201 675 1252 praeceptum-²

185 1268 226 1313 5⁰
257 1264 412 1317 Neque
435 1273 585 1307 tamen
608 1269 787 1309 alterius
811 1270 936 1311 istius
959 1274 1130 1324 peccati
1154 1277 1198 1314 in
1229 1290 1271 1315 se
1290 1277 1528 1318 voluntarii

126 1345 220 1372 reus
243 1340 321 1381 est,
344 1334 378 1372 si
417 1334 596 1375 effectus
618 1345 774 1389 postea
796 1338 858 1378 ita
895 1341 1040 1380 evenit
1062 1347 1111 1381 ut
1139 1342 1234 1394 jam
1268 1357 1355 1384 non
1387 1346 1528 1398 possit

122 1413 220 1439 eum
247 1401 471 1453 impedire.
540 1402 771 1455 Ejusmodi
794 1420 874 1458 vg.
903 1413 969 1447 est
989 1407 1276 1450 homicidium
1302 1418 1525 1463 patratum

122 1466 178 1506 ab
209 1467 332 1508 ebrio
355 1467 380 1517 ;3
402 1477 476 1510 aut
516 1470 738 1512 Horarum
776 1475 958 1514 omissio
997 1475 1040 1515 in
1076 1490 1127 1516 eo
1171 1479 1244 1530 qui
1287 1486 1525 1532 postquam

124 1533 389 1575 Breviarium
436 1537 683 1578 voluntarie
716 1539 891 1592 abjecit,
929 1555 1003 1582 eas
1040 1551 1209 1596 postea,
1243 1548 1527 1598 quantumvis

119 1600 237 1644 velit.
273 1608 422 1642 tamen
446 1604 629 1644 recitare
664 1609 847 1647 omnino
870 1622 957 1649 non
988 1614 1370 1667 potest.-—-Neque
1407 1616 1525 1655 enim

119 1667 363 1709 voluntaria
388 1677 489 1710 sunt
508 1685 557 1711 ea
581 1675 761 1725 quando
783 1675 842 1716 sic
867 1679 1101 1728 eveniunt;
1131 1682 1250 1733 quod
1267 1683 1301 1721 si
1324 1684 1525 1724 volunta-

120 1736 182 1775 ria
213 1736 451 1789 aliquando
483 1739 701 1790 dicuntur,
734 1743 777 1783 id
815 1743 1153 1798 intelligendum
1187 1755 1254 1789 est
1284 1750 1340 1790 de
1370 1750 1524 1792 volun-

118 1804 242 1852 tario,
267 1812 313 1844 ut
347 1809 481 1853 aiunt,
515 1808 831 1851 denominative
855 1818 1045 1863 tantum,
1075 1822 1294 1868 quatenus
1320 1818 1525 1860 volunta-

120 1871 230 1910 rium
254 1872 341 1912 diez·
360 1880 508 1926 potest
529 1876 573 1916 id
597 1890 728 1918 omne
750 1881 869 1932 quod
893 1883 939 1920 in
961 1896 1091 1923 causa
1118 1884 1416 1927 voluntarium
1441 1894 1522 1928 est.

119 1938 239 1978 Num
276 1953 378 1979 vero
423 1940 486 1994 (a)
522 1944 738 1985 rationem
771 1951 934 1998 peccati
971 1950 1164 1992 habeant
1196 1952 1376 1993 effectus
1409 1955 1522 2007 ers-

118 2006 237 2045 modi
252 2008 312 2046 sic
337 2009 589 2050 evenientes
611 2026 620 2062 3
643 2018 790 2053 utrum
816 2014 878 2067 (b)
904 2017 960 2056 sit
980 2018 1182 2071 obligatio
1203 2034 1268 2061 eos
1280 2022 1518 2075 confitendi,

117 2085 173 2111 an
218 2073 403 2115 sufficiat
453 2077 651 2118 confiteri
701 2081 842 2134 ipsam
885 2097 1075 2134 causam,
1126 2101 1204 2140 vg.
1248 2089 1520 2140 ebrietatem,

117 2147 250 2192 atque
279 2142 520 2193 periculum
553 2145 750 2197 effectus,
772 2163 856 2202 vg.
890 2150 1130 2202 homicidii,
1154 2156 1260 2196 satis
1291 2158 1521 2210 praevisa;

119 2214 265 2248 utrum
288 2209 479 2263 denique
499 2212 557 2267 (c)
580 2215 820 2267 spiritualis
831 2225 981 2270 poena,
998 2234 1080 2274 v.g.
1104 2226 1522 2275 excommunicatio,

115 2277 360 2329 suspensio,
384 2284 480 2330 etc„
505 2294 619 2333 quae
641 2283 881 2337 aliquando
903 2287 1122 2340 ejusmodi
1145 2294 1338 2344 peccatis
1359 2307 1520 2336 annec-

159 2415 170 2434 1
185 2417 266 2449 Vid.
285 2419 469 2459 Laymann,
489 2421 564 2453 Lib.
582 2422 606 2453 ι’.
624 2427 721 2457 tract.
735 2434 768 2457 2.
785 2437 860 2468 cap.
880 2428 927 2459 iii.
946 2440 979 2460 n.
998 2429 1028 2462 6.

158 2460 171 2480 2
187 2461 253 2492 Vid
273 2463 379 2498 Perin,
403 2464 457 2494 Tr.
475 2465 513 2496 de
528 2467 602 2497 Act.
621 2467 739 2507 Hum„
760 2470 898 2510 Quaest.
916 2472 950 2503 ii.
966 2477 1027 2504 art.
1043 2482 1074 2512 4.

158 2503 171 2523 ⁸
187 2504 265 2535 Vid.
284 2505 392 2544 Peon,
412 2506 503 2546 ibid;
525 2509 676 2549 Lacroix,
694 2512 768 2543 Lib.
787 2514 809 2544 i.
835 2515 892 2545 Tr.
918 2514 959 2546 de
968 2517 1119 2557 Legibus,
1139 2528 1169 2548 n.
1194 2524 1267 2559 757.
