1716 2729
217 92 232 119 Ι
240 91 298 132 90
805 75 1035 115 Traclatus
1446 73 1627 127 [GURY,

211 194 496 236 solummodo
519 193 576 232 ob
599 205 760 232 vanam
784 192 972 244 gloriam
996 191 1306 243 eleemosynas
1328 190 1476 242 largiri
1501 204 1625 230 man-

213 264 303 305 dat.
368 262 428 302 Et
461 261 572 301 ratio
607 266 674 301 est
711 260 828 313 quia,
853 266 902 300 ut
939 273 1072 312 supra
1106 260 1161 309 (n.
1193 258 1314 312 412.)
1337 258 1507 298 dictum
1542 265 1624 309 est,

215 339 425 374 externus
458 338 583 372 actus
606 344 696 371 non
730 336 797 370 est
830 329 1073 370 formaliter
1103 329 1247 369 bonus
1269 335 1346 369 aut
1379 329 1521 369 malus
1545 329 1627 370 nisi

212 410 391 445 tantum
413 399 734 442 denominative
749 415 768 447 ‚·
802 413 852 439 ac
875 399 984 439 satis
1006 404 1130 452 patet
1160 398 1381 451 ejusmodi
1404 403 1551 438 actum
1584 399 1627 439 in

216 471 427 525 exemplo
488 469 654 510 tradito
715 482 846 521 posse
909 474 1003 507 tum
1067 467 1234 507 bonum
1296 472 1393 506 tum
1461 466 1627 507 malum

212 535 525 582 denominari.1

279 619 374 661 533.
409 608 556 648 Immo
581 611 624 646 2⁰
646 605 895 645 notandum
918 610 986 644 est
1008 604 1317 657 quaestionem
1336 603 1425 643 fere
1448 604 1629 644 omnino

213 692 314 719 esse
337 677 393 717 de
415 682 516 717 actu
541 674 740 722 interum·
775 672 855 713 etsi
881 672 997 713 enim
1031 673 1130 714 TT.
1155 670 1376 713 nonnulli²
1396 671 1466 712 hic
1489 679 1630 726 agunt

217 753 314 788 tum
338 747 394 786 de
418 746 591 785 interno
625 749 740 790 actu,
765 748 861 782 tum
884 742 940 782 de
974 749 1176 791 externo,
1198 742 1305 782 satis
1329 748 1480 783 tamen
1504 748 1630 795 patet

218 815 527 870 quaestionem
551 812 670 865 quod
704 811 759 851 ad
784 816 933 851 actum
967 816 1206 851 externum
1239 811 1400 850 attinet
1423 824 1511 850 non
1535 824 1631 850 esse

220 884 302 924 nisi
340 883 396 923 de
433 882 569 922 modo
606 879 830 933 loquendi.
912 878 985 920 Sic
1017 893 1101 933 vg.
1141 880 1176 919 si
1205 880 1352 932 agitur
1384 880 1441 920 de
1473 894 1524 920 eo
1557 880 1632 933 qui

219 953 555 1005 eleemosynam
579 949 765 1002 largitur
787 948 845 988 ob
868 948 981 988 duos
1003 948 1134 988 simul
1158 948 1281 998 fines,
1307 962 1495 1001 quorum
1520 962 1632 989 unus

219 1022 362 1063 bonus
402 1026 480 1069 est,
505 1019 616 1058 alter
651 1031 755 1058 vero
789 1016 946 1066 malus,
969 1031 1053 1070 vg.
1086 1016 1153 1070 (a)
1178 1023 1227 1057 ut
1258 1031 1499 1071 pauperem
1532 1018 1633 1057 sub-

219 1090 412 1131 levando
470 1093 680 1129 exerceat
733 1100 846 1139 opus
904 1086 1244 1135 misericordiae,
1286 1093 1422 1138 atque
1475 1085 1538 1139 (b)
1586 1093 1635 1126 ut

220 1158 475 1199 hominibus
547 1155 766 1209 placendo
839 1167 1001 1193 vanam
1069 1154 1257 1207 gloriam
1326 1161 1635 1208 consequatur,

220 1226 437 1281 quaestio,
461 1231 509 1265 ut
543 1224 605 1264 ait
638 1220 861 1276 Arriaga‚3
883 1236 971 1262 non
1009 1229 1076 1263 est
1110 1223 1166 1263 de
1199 1236 1256 1272 re,
1278 1223 1355 1263 sed
1391 1223 1558 1276 precise
1581 1224 1636 1263 de

220 1296 415 1344 nomine,
452 1300 599 1334 utrum
639 1291 836 1331 exterior
871 1290 1128 1344 hujusmodi
1164 1291 1280 1331 actio
1315 1291 1637 1332 denominanda

221 1366 277 1405 sit
314 1365 432 1404 bona
463 1361 593 1402 simul
628 1367 672 1401 et
711 1360 841 1409 mala,
879 1373 935 1400 an
971 1359 1232 1412 simpliciter
1265 1360 1394 1400 mala.
1461 1361 1512 1400 In
1549 1374 1637 1413 qua

220 1432 482 1487 quaestione
517 1429 610 1470 TT.
650 1428 932 1468 communius
976 1429 1166 1481 priorem
1204 1428 1413 1481 loquendi
1453 1430 1636 1470 modum

221 1501 449 1543 adhibent.

284 1580 377 1623 534.
412 1567 588 1609 Deinde
629 1571 671 1618 3⁰
707 1566 857 1619 agitur
894 1566 950 1606 de
986 1571 1089 1606 actu
1127 1566 1289 1607 eodem:
1324 1565 1396 1606 hic
1433 1566 1566 1615 enim,
1589 1572 1639 1606 ut

222 1638 542 1682 animadvertit
565 1631 829 1684 Suaresius‚4
852 1634 1037 1675 omnino
1061 1634 1407 1687 distinguendae
1429 1641 1534 1675 sunt
1555 1635 1640 1675 hae

224 1710 340 1750 duae
364 1706 650 1760 quaestiones
669 1719 677 1744 ι
712 1703 776 1758 (a)
802 1717 858 1743 an
880 1701 1020 1742 simul
1031 1703 1203 1755 possint
1226 1703 1269 1742 in
1292 1703 1526 1744 voluntate
1544 1717 1640 1744 esse

223 1777 309 1818 duo
351 1781 483 1824 actus,
518 1787 708 1827 quorum
744 1786 857 1813 unus
895 1772 1039 1812 bonus
1074 1771 1144 1821 sit,
1167 1772 1280 1812 alter
1320 1787 1425 1814 vero
1468 1773 1639 1824 malus;

227 1853 363 1900 atque
399 1844 462 1898 (b)
499 1857 555 1883 an
599 1842 709 1883 idem
747 1848 870 1881 actus
904 1841 1150 1881 voluntatis
1193 1843 1336 1894 possit
1372 1842 1505 1882 simul
1542 1856 1638 1883 esse

228 1917 372 1956 bonus
395 1920 439 1954 et
462 1912 617 1952 malus.
682 1911 780 1951 Etsi
803 1924 908 1951 vero
931 1910 987 1950 de
1008 1909 1092 1949 hac
1113 1910 1358 1963 posteriore
1376 1911 1639 1964 quaestione

227 1983 466 2038 praecipue
489 1980 714 2033 agendum
738 1984 816 2029 est,
841 1978 1065 2032 quaedam
1088 1992 1233 2031 pauca
1255 1980 1391 2020 etiam
1415 1980 1471 2020 de
1493 1980 1640 2033 priore

225 2052 531 2106 subjicientur.
1243 2102 1250 2107 Ω

292 2129 387 2174 535.
422 2120 583 2172 Itaque
604 2122 652 2168 40
674 2117 752 2157 vix
774 2130 886 2170 opus
909 2122 976 2156 est
999 2121 1166 2165 notare,
1183 2118 1304 2169 quod
1327 2117 1510 2170 quidem
1533 2117 1643 2158 satis

232 2205 290 2233 ex
316 2190 532 2230 hactenus
564 2187 696 2229 dictis
727 2191 865 2239 patet,
897 2185 1205 2238 quaestionem
1238 2187 1457 2238 respicere
1487 2192 1637 2227 actum

276 2345 378 2375 1Vid.
406 2342 548 2376 Lessins,
570 2341 724 2372 Praelect.
748 2340 785 2370 de
806 2340 881 2370 Act.
907 2339 1093 2376 Humanis,
1123 2338 1260 2378 Quaest.
1290 2346 1343 2372 20.
1368 2343 1429 2371 art.
1451 2338 1494 2370 vi.
1520 2349 1553 2370 n.
1577 2347 1641 2380 303

234 2389 345 2426 Peru),
376 2388 432 2418 Τν.
449 2387 486 2418 de
502 2387 575 2416 Act.
596 2384 782 2421 Humanis,
804 2383 941 2422 Quaest.
961 2391 992 2420 4.
1009 2387 1070 2413 art.
1086 2381 1129 2414 vi.
1146 2384 1163 2420 ἓ
1183 2390 1208 2412 1.

276 2432 380 2463 2Vid.
409 2441 472 2470 vg.
495 2429 657 2469 Vasquez,
686 2428 741 2458 In.
769 2435 795 2458 1.
818 2434 848 2457 2.
876 2426 909 2457 S.
945 2426 1096 2463 Tbemae,
1123 2426 1220 2466 Disp.
1247 2432 1299 2465 70.
1316 2436 1390 2468 cap.
1411 2434 1457 2465 2;
1493 2426 1638 2465 Lessius,

237 2476 391 2507 Praelect.
409 2475 445 2505 de
460 2474 533 2504 Acl.
555 2471 736 2509 Humanis,
758 2470 895 2510 Quaest.
912 2477 964 2499 20.
981 2473 1043 2500 art.
1059 2468 1102 2500 vi.
1120 2479 1153 2500 n.
1173 2477 1224 2510 31.

278 2520 291 2539 3
312 2519 366 2550 Tr.
382 2518 420 2549 de
433 2518 506 2548 Act.
529 2515 709 2549 Humanis,
727 2514 825 2554 Disp.
843 2521 895 2543 21.
915 2517 994 2544 sect.
1010 2512 1044 2544 ii.
1064 2523 1097 2543 n.
1114 2521 1170 2544 21.

279 2563 291 2583 4
310 2563 365 2594 ἵν.
382 2562 419 2592 de
437 2559 566 2597 Gratia,
583 2559 659 2590 Lib.
680 2566 731 2589 12.
749 2567 823 2598 cap.
840 2567 871 2588 n.
901 2562 929 2597 5.
947 2556 1027 2595 (Ed.
1045 2556 1158 2588 Vives.
1176 2556 1275 2587 Tom.
1293 2567 1324 2587 x.
1342 2566 1376 2597 p.
1394 2555 1463 2598 22.)
