1716 2729
181 94 262 143 156
767 95 999 136 Tractatus
1411 96 1504 150 [GU
1511 106 1587 146 RY,

173 223 309 262 quam
334 209 589 250 brevissime
621 211 920 252 exhibeantur
951 219 1214 265 argumenta
1246 213 1408 266 quibus
1431 219 1584 254 contra

174 278 424 318 innituntur
480 278 713 329 Scotistae,
752 286 887 333 atque
942 282 1180 335 praecipua
1229 281 1388 322 saltem
1437 282 1585 335 capita

174 361 324 388 eorum
349 361 464 401 quae
486 349 542 389 ad
565 362 617 388 ea
640 348 880 390 refellenda
902 350 1083 403 proferri
1108 350 1262 391 solent.

232 426 328 467 417.
363 417 522 470 Itaque
560 420 599 457 1⁰
620 424 989 470 argumentantur
1033 419 1252 460 Scotistae
1290 433 1348 459 ex
1381 433 1433 460 eo
1465 421 1586 473 quod

175 491 298 525 actus
323 487 496 526 externi
520 492 563 526 et
587 487 745 526 interni
770 487 953 527 diversis
977 488 1222 541 praeceptis
1247 487 1463 541 Decalogi
1486 503 1587 542 pro-

174 553 400 596 hibentur:
422 557 484 596 sic
507 557 699 609 septimo
722 562 960 609 praecepto
983 556 1242 609 prohibetur
1259 556 1435 607 furtum,
1453 563 1588 611 atque

174 623 347 663 decimo
390 631 631 678 praecepto
685 625 787 666 furti
840 625 1118 666 desiderium.
1202 625 1416 666 Similiter
1456 633 1588 667 sexto

173 699 413 745 praecepto
446 694 704 746 prohibetur
727 699 940 734 externus
973 699 1097 734 actus
1121 693 1439 745 impudicitiae,
1461 694 1586 747 cujus

173 762 232 801 rei
257 763 525 802 desiderium
550 777 625 803 seu
651 762 854 803 voluntas
878 761 1138 815 prohibetur
1161 767 1399 815 praecepto
1424 776 1553 803 nono.

229 833 324 882 418.
363 831 447 871 His
487 838 637 871 tamen
676 845 734 871 ex
772 831 910 871 altera
947 836 1072 883 parte
1110 831 1402 883 respondetur
1438 837 1587 872 actum

172 899 392 940 internum
412 907 456 940 et
479 906 716 940 externum
739 900 997 953 “prohiberi
1017 899 1200 939 diversis
1222 901 1482 953 praeceptis,
1497 914 1586 940 non

171 971 275 1022 quia
311 969 479 1010 habent
521 971 740 1010 diversam
786 970 1003 1010 malitiam
1038 1002 1045 1008 .
1079 1001 1086 1008 .
1119 982 1271 1008 verum
1311 975 1359 1008 ut
1396 969 1587 1022 populus

171 1039 305 1087 rudis,
343 1039 486 1091 qualis
528 1045 621 1078 erat
665 1038 946 1087 Israelitieus,
968 1034 1236 1090 intelligeret
1280 1051 1367 1077 non
1408 1044 1584 1079 tantum

170 1112 318 1147 actum
342 1114 592 1154 externum,
615 1108 692 1148 sed
727 1108 861 1147 etiam
896 1106 1163 1146 desiderium
1198 1107 1257 1146 rei
1291 1106 1480 1156 illicitae,
1504 1107 1587 1147 etsi

169 1175 226 1215 ab
249 1182 349 1216 actu
375 1183 561 1216 externo
585 1183 852 1229 separatum,
875 1189 971 1215 esse
995 1175 1160 1215 malum
1185 1191 1193 1215 :
1226 1175 1335 1214 alias
1358 1189 1469 1228 opus
1492 1189 1583 1216 non

168 1250 262 1284 erat
284 1245 392 1286 istos
415 1252 539 1287 actus
572 1246 756 1286 diversis
791 1244 1039 1298 praeceptis
1078 1257 1290 1296 expresse
1324 1243 1586 1296 prohibere}

168 1313 272 1364 quia
294 1315 401 1354 dum
437 1322 561 1355 actus
596 1320 809 1354 externus
847 1313 1110 1366 prohibetur
1151 1311 1288 1365 [quod
1327 1312 1376 1353 fit
1414 1313 1457 1353 in
1492 1312 1587 1353 aliis

169 1383 430 1436 praecepti5‚
447 1397 530 1436 vg.
547 1384 589 1423 in
613 1383 768 1437 primo,
791 1396 879 1436 quo
897 1380 1156 1435 prohibetur
1180 1380 1431 1421 idololatria
1450 1396 1458 1431 ;
1482 1387 1527 1422 et
1543 1381 1585 1421 in

169 1450 338 1501 quinto,
357 1464 445 1504 quo
467 1451 728 1504 prohibetur
749 1450 1071 1504 homicidium]
1092 1450 1305 1503 implicite
1328 1449 1589 1504 prohibetur

168 1524 292 1559 actus
336 1520 564 1570 internus;
609 1534 712 1560 nam
758 1520 792 1559 si
836 1526 960 1560 actus
1003 1526 1216 1560 externus
1260 1519 1316 1559 sit
1360 1518 1500 1558 malus
1543 1524 1587 1559 et

167 1587 429 1639 prohibitus,
453 1589 652 1628 internus
675 1594 812 1638 actus,
835 1588 909 1641 qui
932 1588 1046 1628 circa
1069 1587 1192 1627 illum
1217 1593 1426 1636 versatur,
1449 1587 1585 1626 etiarn

169 1655 311 1696 malus
345 1665 428 1708 est,
451 1671 588 1710 quum
611 1664 808 1697 versetur
831 1657 945 1697 circa
982 1656 1210 1709 objectum
1236 1655 1403 1696 malum
1425 1670 1433 1696 :
1467 1656 1588 1696 unde

168 1724 211 1763 in
249 1725 346 1764 aliis
383 1727 632 1778 praeceptis
668 1726 789 1766 solus
826 1732 951 1765 actus
985 1731 1196 1765 externus
1238 1737 1448 1777 expresse
1486 1737 1584 1777 pro-

167 1792 358 1842 hibetur,
403 1795 600 1835 internus
655 1809 759 1835 vero
812 1801 989 1835 tantum
1045 1794 1263 1847 implicite
1296 1824 1304 1832 .
1340 1827 1347 1835 .
1381 1827 1388 1835 .
1445 1795 1584 1835 Ratio

168 1868 316 1903 autem
342 1877 477 1916 quare
501 1865 624 1905 Deus
647 1864 826 1918 speciali
857 1870 1096 1917 praecepto
1130 1863 1407 1917 prohibuerit
1430 1864 1586 1904 volun-

169 1938 309 1972 tatem
344 1933 624 1973 adulterandi
658 1941 701 1973 et
739 1933 927 1979 furandi,
952 1933 1100 1985 potius
1135 1946 1270 1985 quam
1305 1932 1584 1973 voluntatem

166 2016 251 2056 vg.
270 2003 514 2051 occidendi,
536 2009 601 2042 est
624 2003 744 2055 quod
768 2002 929 2056 copula
960 2002 1147 2042 carnalis
1170 2009 1213 2042 et
1238 2003 1355 2042 bona
1379 2002 1584 2043 fortunae

165 2077 269 2112 sunt
292 2085 359 2112 res
382 2085 496 2124 quae
528 2071 672 2111 solent
704 2072 760 2111 ab
793 2071 1049 2111 hominibus
1083 2071 1284 2110 maxime
1317 2071 1584 2124 concupisci,

167 2154 219 2180 eo
256 2140 375 2192 quod
410 2139 497 2179 sint
538 2139 669 2179 valde
711 2139 953 2187 allectivae,
977 2138 1136 2191 copula
1180 2139 1368 2179 carnalis
1402 2139 1583 2191 quidem

167 2214 348 2261 propter
388 2207 639 2248 sensualem
696 2207 1057 2256 delectationem,
1104 2213 1149 2247 et
1207 2207 1326 2247 bona
1379 2207 1584 2248 fortunae

166 2282 349 2329 propter
384 2289 537 2316 eorum
583 2275 836 2325 utilitatem,
874 2275 995 2328 quod
1042 2288 1131 2315 non
1175 2275 1312 2316 habet
1351 2276 1498 2316 locum
1536 2276 1581 2317 in

163 2345 215 2384 iis
249 2358 362 2398 quae
386 2358 464 2397 per
485 2344 571 2385 alia
592 2351 832 2397 praecepta
854 2342 1205 2397 prohibentur.''1

222 2428 324 2470 419.
358 2416 434 2457 Ad
449 2430 583 2469 quam
598 2415 928 2469 expositionem
952 2414 1305 2456 confirmandam
1328 2415 1407 2456 abs
1429 2429 1474 2456 re
1492 2428 1581 2456 non

168 2486 249 2526 erit
272 2487 625 2527 animadvertere
657 2484 913 2537 opinionem
952 2497 1039 2536 qua
1071 2489 1343 2524 statueretur
1376 2483 1584 2538 concupi-

294 2585 307 2605 1
321 2586 432 2624 Perin,
445 2586 499 2616 Τν.
520 2586 558 2616 de
572 2586 646 2616 Act.
661 2585 849 2622 Ilumam's,
871 2584 1011 2624 Quaest.
1028 2595 1059 2623 4.
1082 2589 1143 2615 art.
1159 2585 1201 2617 iv.
1225 2583 1237 2623 ξ
1257 2592 1285 2624 3.
1308 2583 1375 2622 obj.
1400 2584 1441 2614 1⁰.
