<?xml version="1.0" encoding="UTF-8"?>
<!DOCTYPE html PUBLIC "-//W3C//DTD XHTML 1.0 Transitional//EN"
    "http://www.w3.org/TR/xhtml1/DTD/xhtml1-transitional.dtd">
<html xmlns="http://www.w3.org/1999/xhtml" xml:lang="en" lang="en">
 <head>
  <title>
</title>
<meta http-equiv="Content-Type" content="text/html;charset=utf-8" />
  <meta name='ocr-system' content='tesseract 3.04.00' />
  <meta name='ocr-capabilities' content='ocr_page ocr_carea ocr_par ocr_line ocrx_word'/>
</head>
<body>
  <div class='ocr_page' id='page_1' title='image "./tractatusdeactib00wals_0224.png"; bbox 0 0 1716 2729; ppageno 0'>
   <div class='ocr_carea' id='block_1_1' title="bbox 169 88 1582 144">
    <p class='ocr_par' dir='ltr' id='par_1_1' title="bbox 169 88 1582 144">
     <span class='ocr_line' id='line_1_1' title="bbox 169 88 1582 144; baseline 0.002 -15"><span class='ocrx_word' id='word_1_1' title='bbox 169 91 252 131; x_wconf 83' lang='lat'>208</span> <span class='ocrx_word' id='word_1_2' title='bbox 758 88 990 131; x_wconf 73' lang='lat' dir='ltr'>Tractatzcs</span> <span class='ocrx_word' id='word_1_3' title='bbox 1397 89 1457 144; x_wconf 89' lang='lat' dir='ltr'>[G</span> <span class='ocrx_word' id='word_1_4' title='bbox 1465 99 1582 143; x_wconf 80' lang='lat' dir='ltr'>URY,</span> 
     </span>
    </p>
   </div>
   <div class='ocr_carea' id='block_1_2' title="bbox 166 205 1589 259">
    <p class='ocr_par' dir='ltr' id='par_1_2' title="bbox 166 205 1589 259">
     <span class='ocr_line' id='line_1_2' title="bbox 166 205 1589 259; baseline 0.001 -12"><span class='ocrx_word' id='word_1_5' title='bbox 166 221 207 247; x_wconf 87' lang='lat' dir='ltr'>v.</span> <span class='ocrx_word' id='word_1_6' title='bbox 213 219 252 259; x_wconf 83' lang='lat' dir='ltr'>g.</span> <span class='ocrx_word' id='word_1_7' title='bbox 267 218 347 259; x_wconf 87' lang='lat' dir='ltr'>per</span> <span class='ocrx_word' id='word_1_8' title='bbox 363 210 610 259; x_wconf 87' lang='lat' dir='ltr'>peccatum,</span> <span class='ocrx_word' id='word_1_9' title='bbox 623 218 755 258; x_wconf 75' lang='lat' dir='ltr'>neque</span> <span class='ocrx_word' id='word_1_10' title='bbox 773 205 1016 259; x_wconf 76' lang='lat' dir='ltr'>interrupta</span> <span class='ocrx_word' id='word_1_11' title='bbox 1027 211 1111 258; x_wconf 80' lang='lat' dir='ltr'>per</span> <span class='ocrx_word' id='word_1_12' title='bbox 1128 205 1363 258; x_wconf 77' lang='lat' dir='ltr'><em>longiorem</em></span> <span class='ocrx_word' id='word_1_13' title='bbox 1384 206 1589 259; x_wconf 75' lang='lat' dir='ltr'>temporis</span> 
     </span>
    </p>
   </div>
   <div class='ocr_carea' id='block_1_3' title="bbox 162 277 1588 1913">
    <p class='ocr_par' dir='ltr' id='par_1_3' title="bbox 167 277 454 321">
     <span class='ocr_line' id='line_1_3' title="bbox 167 277 454 321; baseline -0.003 0"><span class='ocrx_word' id='word_1_14' title='bbox 167 277 397 321; x_wconf 78' lang='lat' dir='ltr'>moram.&#39;&#39;1</span> <span class='ocrx_word' id='word_1_15' title='bbox 451 277 454 280; x_wconf 65' lang='grc'><strong>’</strong></span> 
     </span>
    </p>

    <p class='ocr_par' dir='ltr' id='par_1_4' title="bbox 166 348 1588 950">
     <span class='ocr_line' id='line_1_4' title="bbox 224 348 1586 403; baseline 0.001 -13"><span class='ocrx_word' id='word_1_16' title='bbox 224 349 323 400; x_wconf 83' lang='lat'>603.</span> <span class='ocrx_word' id='word_1_17' title='bbox 358 348 492 403; x_wconf 80' lang='lat' dir='ltr'>Quod</span> <span class='ocrx_word' id='word_1_18' title='bbox 531 349 567 388; x_wconf 88' lang='lat' dir='ltr'>si</span> <span class='ocrx_word' id='word_1_19' title='bbox 609 348 708 401; x_wconf 88' lang='lat' dir='ltr'>quis</span> <span class='ocrx_word' id='word_1_20' title='bbox 743 354 930 401; x_wconf 88' lang='lat' dir='ltr'>quaerat</span> <span class='ocrx_word' id='word_1_21' title='bbox 967 349 1142 402; x_wconf 87' lang='lat' dir='ltr'>quoties</span> <span class='ocrx_word' id='word_1_22' title='bbox 1179 349 1382 390; x_wconf 88' lang='lat' dir='ltr'>renovari</span> <span class='ocrx_word' id='word_1_23' title='bbox 1423 349 1586 391; x_wconf 84' lang='lat' dir='ltr'>debeat</span> 
     </span>
     <span class='ocr_line' id='line_1_5' title="bbox 166 416 1584 471; baseline 0.001 -12"><span class='ocrx_word' id='word_1_24' title='bbox 166 418 357 459; x_wconf 89' lang='lat' dir='ltr'>intentio</span> <span class='ocrx_word' id='word_1_25' title='bbox 400 417 601 467; x_wconf 81' lang='lat' dir='ltr'>actualis,</span> <span class='ocrx_word' id='word_1_26' title='bbox 637 423 685 458; x_wconf 91' lang='lat' dir='ltr'>ut</span> <span class='ocrx_word' id='word_1_27' title='bbox 728 423 961 457; x_wconf 83' lang='lat' dir='ltr'><strong>censeatur</strong></span> <span class='ocrx_word' id='word_1_28' title='bbox 1002 416 1165 457; x_wconf 76' lang='lat' dir='ltr'>virtute</span> <span class='ocrx_word' id='word_1_29' title='bbox 1204 431 1480 471; x_wconf 86' lang='lat' dir='ltr'>permanere,</span> <span class='ocrx_word' id='word_1_30' title='bbox 1515 425 1584 460; x_wconf 85' lang='lat' dir='ltr'>tot</span> 
     </span>
     <span class='ocr_line' id='line_1_6' title="bbox 167 484 1584 540; baseline 0 -13"><span class='ocrx_word' id='word_1_31' title='bbox 167 486 257 528; x_wconf 88' lang='lat' dir='ltr'>fere</span> <span class='ocrx_word' id='word_1_32' title='bbox 289 486 536 527; x_wconf 85' lang='lat' dir='ltr'>sententias</span> <span class='ocrx_word' id='word_1_33' title='bbox 572 484 682 539; x_wconf 84' lang='lat' dir='ltr'>quot</span> <span class='ocrx_word' id='word_1_34' title='bbox 719 491 822 526; x_wconf 91' lang='lat' dir='ltr'>sunt</span> <span class='ocrx_word' id='word_1_35' title='bbox 864 486 1015 540; x_wconf 84' lang='lat' dir='ltr'>capita</span> <span class='ocrx_word' id='word_1_36' title='bbox 1056 485 1261 528; x_wconf 86' lang='lat' dir='ltr'>inveniet.</span> <span class='ocrx_word' id='word_1_37' title='bbox 1344 486 1503 540; x_wconf 85' lang='lat' dir='ltr'><strong>Neque</strong></span> <span class='ocrx_word' id='word_1_38' title='bbox 1538 488 1584 527; x_wconf 90' lang='lat' dir='ltr'>id</span> 
     </span>
     <span class='ocr_line' id='line_1_7' title="bbox 169 554 1588 608; baseline -0.001 -11"><span class='ocrx_word' id='word_1_39' title='bbox 169 557 329 597; x_wconf 86' lang='lat' dir='ltr'>mirum</span> <span class='ocrx_word' id='word_1_40' title='bbox 353 562 433 598; x_wconf 90' lang='lat' dir='ltr'>est.</span> <span class='ocrx_word' id='word_1_41' title='bbox 497 554 798 608; x_wconf 82' lang='lat' dir='ltr'>Obligationis</span> <span class='ocrx_word' id='word_1_42' title='bbox 833 555 951 595; x_wconf 90' lang='lat' dir='ltr'>enim</span> <span class='ocrx_word' id='word_1_43' title='bbox 984 554 1252 607; x_wconf 90' lang='lat' dir='ltr'>hujusmodi,</span> <span class='ocrx_word' id='word_1_44' title='bbox 1275 569 1301 595; x_wconf 89' lang='lat' dir='ltr'>a</span> <span class='ocrx_word' id='word_1_45' title='bbox 1323 555 1588 604; x_wconf 76' lang='lat' dir='ltr'>Thomistis,</span> 
     </span>
     <span class='ocr_line' id='line_1_8' title="bbox 168 623 1584 678; baseline -0.001 -11"><span class='ocrx_word' id='word_1_46' title='bbox 168 631 217 667; x_wconf 85' lang='lat' dir='ltr'>ut</span> <span class='ocrx_word' id='word_1_47' title='bbox 257 626 447 673; x_wconf 85' lang='lat' dir='ltr'>videtur,</span> <span class='ocrx_word' id='word_1_48' title='bbox 484 624 580 664; x_wconf 87' lang='lat' dir='ltr'>sine</span> <span class='ocrx_word' id='word_1_49' title='bbox 622 623 767 663; x_wconf 87' lang='lat' dir='ltr'>solido</span> <span class='ocrx_word' id='word_1_50' title='bbox 810 623 1107 664; x_wconf 84' lang='lat' dir='ltr'>fundamento</span> <span class='ocrx_word' id='word_1_51' title='bbox 1149 631 1471 678; x_wconf 83' lang='lat' dir='ltr'>propugnatae,</span> <span class='ocrx_word' id='word_1_52' title='bbox 1505 625 1584 666; x_wconf 79' lang='lat' dir='ltr'>vix</span> 
     </span>
     <span class='ocr_line' id='line_1_9' title="bbox 167 692 1582 749; baseline -0.002 -13"><span class='ocrx_word' id='word_1_53' title='bbox 167 700 318 749; x_wconf 88' lang='lat' dir='ltr'>potest</span> <span class='ocrx_word' id='word_1_54' title='bbox 361 694 476 735; x_wconf 87' lang='lat' dir='ltr'>ratio</span> <span class='ocrx_word' id='word_1_55' title='bbox 517 692 662 734; x_wconf 87' lang='lat' dir='ltr'>solida</span> <span class='ocrx_word' id='word_1_56' title='bbox 704 692 890 732; x_wconf 85' lang='lat' dir='ltr'>inveniri</span> <span class='ocrx_word' id='word_1_57' title='bbox 945 706 1022 733; x_wconf 91' lang='lat' dir='ltr'>cur</span> <span class='ocrx_word' id='word_1_58' title='bbox 1073 693 1222 743; x_wconf 88' lang='lat' dir='ltr'>semel,</span> <span class='ocrx_word' id='word_1_59' title='bbox 1256 694 1405 746; x_wconf 86' lang='lat' dir='ltr'>potius</span> <span class='ocrx_word' id='word_1_60' title='bbox 1446 707 1582 746; x_wconf 88' lang='lat' dir='ltr'>quam</span> 
     </span>
     <span class='ocr_line' id='line_1_10' title="bbox 166 759 1585 817; baseline 0 -14"><span class='ocrx_word' id='word_1_61' title='bbox 166 763 342 817; x_wconf 88' lang='lat' dir='ltr'>pluries,</span> <span class='ocrx_word' id='word_1_62' title='bbox 364 763 407 802; x_wconf 92' lang='lat' dir='ltr'>in</span> <span class='ocrx_word' id='word_1_63' title='bbox 431 761 616 815; x_wconf 84' lang='lat' dir='ltr'>singulis</span> <span class='ocrx_word' id='word_1_64' title='bbox 639 760 948 809; x_wconf 79' lang='lat' dir='ltr'>hebdomadis,</span> <span class='ocrx_word' id='word_1_65' title='bbox 969 759 1156 811; x_wconf 65' lang='lat' dir='ltr'>diebus‚‘3</span> <span class='ocrx_word' id='word_1_66' title='bbox 1177 769 1253 802; x_wconf 86' lang='lat' dir='ltr'>aut</span> <span class='ocrx_word' id='word_1_67' title='bbox 1274 762 1404 811; x_wconf 88' lang='lat' dir='ltr'>horis,</span> <span class='ocrx_word' id='word_1_68' title='bbox 1429 776 1585 816; x_wconf 83' lang='lat' dir='ltr'>urgere</span> 
     </span>
     <span class='ocr_line' id='line_1_11' title="bbox 167 828 1586 885; baseline 0 -13"><span class='ocrx_word' id='word_1_69' title='bbox 167 829 520 873; x_wconf 87' lang='lat' dir='ltr'>dicatur.—-Alia</span> <span class='ocrx_word' id='word_1_70' title='bbox 556 829 780 882; x_wconf 82' lang='lat' dir='ltr'>quaedam</span> <span class='ocrx_word' id='word_1_71' title='bbox 817 842 932 882; x_wconf 87' lang='lat' dir='ltr'>quae</span> <span class='ocrx_word' id='word_1_72' title='bbox 973 828 1059 870; x_wconf 90' lang='lat' dir='ltr'>huc</span> <span class='ocrx_word' id='word_1_73' title='bbox 1104 837 1311 885; x_wconf 86' lang='lat' dir='ltr'>spectant</span> <span class='ocrx_word' id='word_1_74' title='bbox 1347 832 1586 872; x_wconf 86' lang='lat' dir='ltr'>videantur</span> 
     </span>
     <span class='ocr_line' id='line_1_12' title="bbox 166 898 607 950; baseline -0.005 -10"><span class='ocrx_word' id='word_1_75' title='bbox 166 899 279 941; x_wconf 89' lang='lat' dir='ltr'>infra</span> <span class='ocrx_word' id='word_1_76' title='bbox 301 913 370 940; x_wconf 90' lang='lat' dir='ltr'>nn.</span> <span class='ocrx_word' id='word_1_77' title='bbox 394 898 446 950; x_wconf 86' lang='lat'>65</span> <span class='ocrx_word' id='word_1_78' title='bbox 457 898 607 950; x_wconf 85' lang='lat'><em>5—672.</em></span> 
     </span>
    </p>

    <p class='ocr_par' dir='ltr' id='par_1_5' title="bbox 162 967 1584 1913">
     <span class='ocr_line' id='line_1_13' title="bbox 223 967 1581 1021; baseline 0 -12"><span class='ocrx_word' id='word_1_79' title='bbox 223 968 324 1020; x_wconf 82' lang='lat'><strong>604.</strong></span> <span class='ocrx_word' id='word_1_80' title='bbox 359 968 568 1021; x_wconf 89' lang='lat' dir='ltr'>Denique</span> <span class='ocrx_word' id='word_1_81' title='bbox 611 968 667 1017; x_wconf 84' lang='lat'>8⁰,</span> <span class='ocrx_word' id='word_1_82' title='bbox 722 967 969 1008; x_wconf 89' lang='lat' dir='ltr'>cavendum</span> <span class='ocrx_word' id='word_1_83' title='bbox 1027 974 1094 1008; x_wconf 87' lang='lat' dir='ltr'>est</span> <span class='ocrx_word' id='word_1_84' title='bbox 1147 981 1202 1008; x_wconf 86' lang='lat' dir='ltr'>ne</span> <span class='ocrx_word' id='word_1_85' title='bbox 1254 982 1312 1009; x_wconf 83' lang='lat' dir='ltr'>ex</span> <span class='ocrx_word' id='word_1_86' title='bbox 1364 968 1581 1009; x_wconf 88' lang='lat' dir='ltr'>hactenus</span> 
     </span>
     <span class='ocr_line' id='line_1_14' title="bbox 165 1035 1584 1092; baseline -0.001 -13"><span class='ocrx_word' id='word_1_87' title='bbox 165 1037 385 1092; x_wconf 86' lang='lat' dir='ltr'>expositis</span> <span class='ocrx_word' id='word_1_88' title='bbox 441 1037 497 1077; x_wconf 92' lang='lat' dir='ltr'>de</span> <span class='ocrx_word' id='word_1_89' title='bbox 547 1035 785 1084; x_wconf 86' lang='lat' dir='ltr'>sententia,</span> <span class='ocrx_word' id='word_1_90' title='bbox 827 1049 942 1088; x_wconf 87' lang='lat' dir='ltr'>quae</span> <span class='ocrx_word' id='word_1_91' title='bbox 993 1043 1188 1086; x_wconf 89' lang='lat' dir='ltr'>vocatur,</span> <span class='ocrx_word' id='word_1_92' title='bbox 1229 1036 1584 1086; x_wconf 77' lang='lat' dir='ltr'>Thomistarum,</span> 
     </span>
     <span class='ocr_line' id='line_1_15' title="bbox 164 1105 1581 1159; baseline -0.001 -12"><span class='ocrx_word' id='word_1_93' title='bbox 164 1111 398 1147; x_wconf 83' lang='lat' dir='ltr'>censeatur</span> <span class='ocrx_word' id='word_1_94' title='bbox 418 1105 515 1146; x_wconf 89' lang='lat' dir='ltr'>TT.</span> <span class='ocrx_word' id='word_1_95' title='bbox 538 1106 612 1158; x_wconf 88' lang='lat' dir='ltr'>qui</span> <span class='ocrx_word' id='word_1_96' title='bbox 636 1118 735 1145; x_wconf 90' lang='lat' dir='ltr'>eam</span> <span class='ocrx_word' id='word_1_97' title='bbox 758 1110 1056 1158; x_wconf 83' lang='lat' dir='ltr'>propugnent,</span> <span class='ocrx_word' id='word_1_98' title='bbox 1079 1105 1346 1146; x_wconf 81' lang='lat' dir='ltr'>sententiam</span> <span class='ocrx_word' id='word_1_99' title='bbox 1372 1105 1581 1159; x_wconf 85' lang='lat' dir='ltr'>Angelici</span> 
     </span>
     <span class='ocr_line' id='line_1_16' title="bbox 165 1173 1576 1227; baseline -0.002 -11"><span class='ocrx_word' id='word_1_100' title='bbox 165 1175 230 1216; x_wconf 91' lang='lat' dir='ltr'>sui</span> <span class='ocrx_word' id='word_1_101' title='bbox 282 1174 493 1215; x_wconf 86' lang='lat' dir='ltr'>Doctoris</span> <span class='ocrx_word' id='word_1_102' title='bbox 546 1173 690 1226; x_wconf 84' lang='lat' dir='ltr'>reipsa</span> <span class='ocrx_word' id='word_1_103' title='bbox 741 1178 917 1213; x_wconf 89' lang='lat' dir='ltr'>secutos</span> <span class='ocrx_word' id='word_1_104' title='bbox 969 1186 1077 1214; x_wconf 86' lang='lat' dir='ltr'>esse.</span> <span class='ocrx_word' id='word_1_105' title='bbox 1141 1173 1342 1227; x_wconf 84' lang='lat' dir='ltr'>Ingenue</span> <span class='ocrx_word' id='word_1_106' title='bbox 1397 1174 1576 1227; x_wconf 88' lang='lat' dir='ltr'>quidem</span> 
     </span>
     <span class='ocr_line' id='line_1_17' title="bbox 165 1240 1582 1296; baseline -0.001 -12"><span class='ocrx_word' id='word_1_107' title='bbox 165 1244 361 1285; x_wconf 89' lang='lat' dir='ltr'>fatentur</span> <span class='ocrx_word' id='word_1_108' title='bbox 394 1242 617 1284; x_wconf 86' lang='lat' dir='ltr'>Scotistae</span> <span class='ocrx_word' id='word_1_109' title='bbox 655 1241 711 1281; x_wconf 88' lang='lat' dir='ltr'>D.</span> <span class='ocrx_word' id='word_1_110' title='bbox 736 1240 961 1281; x_wconf 90' lang='lat' dir='ltr'>Thomam</span> <span class='ocrx_word' id='word_1_111' title='bbox 996 1241 1041 1281; x_wconf 91' lang='lat' dir='ltr'>in</span> <span class='ocrx_word' id='word_1_112' title='bbox 1073 1241 1157 1282; x_wconf 91' lang='lat' dir='ltr'>hac</span> <span class='ocrx_word' id='word_1_113' title='bbox 1181 1243 1443 1295; x_wconf 84' lang='lat' dir='ltr'>quaestione</span> <span class='ocrx_word' id='word_1_114' title='bbox 1473 1242 1582 1296; x_wconf 89' lang='lat' dir='ltr'>ipsis</span> 
     </span>
     <span class='ocr_line' id='line_1_18' title="bbox 164 1310 1582 1365; baseline -0.001 -11"><span class='ocrx_word' id='word_1_115' title='bbox 164 1310 417 1354; x_wconf 81' lang='lat' dir='ltr'>adversari.3</span> <span class='ocrx_word' id='word_1_116' title='bbox 479 1311 574 1352; x_wconf 85' lang='lat' dir='ltr'>Nec</span> <span class='ocrx_word' id='word_1_117' title='bbox 607 1310 795 1350; x_wconf 88' lang='lat' dir='ltr'>dubium</span> <span class='ocrx_word' id='word_1_118' title='bbox 828 1323 925 1350; x_wconf 87' lang='lat' dir='ltr'>esse</span> <span class='ocrx_word' id='word_1_119' title='bbox 956 1316 1106 1363; x_wconf 88' lang='lat' dir='ltr'>potest</span> <span class='ocrx_word' id='word_1_120' title='bbox 1127 1311 1234 1363; x_wconf 91' lang='lat' dir='ltr'>quin</span> <span class='ocrx_word' id='word_1_121' title='bbox 1266 1317 1417 1352; x_wconf 90' lang='lat' dir='ltr'>actum</span> <span class='ocrx_word' id='word_1_122' title='bbox 1448 1325 1582 1365; x_wconf 87' lang='lat' dir='ltr'>posse</span> 
     </span>
     <span class='ocr_line' id='line_1_19' title="bbox 165 1378 1579 1433; baseline -0.001 -11"><span class='ocrx_word' id='word_1_123' title='bbox 165 1382 211 1423; x_wconf 72' lang='lat' dir='ltr'>iaz</span> <span class='ocrx_word' id='word_1_124' title='bbox 244 1381 472 1422; x_wconf 70' lang='lat' dir='ltr'>individuo</span> <span class='ocrx_word' id='word_1_125' title='bbox 504 1379 832 1420; x_wconf 84' lang='lat' dir='ltr'>indifferentem</span> <span class='ocrx_word' id='word_1_126' title='bbox 864 1392 960 1419; x_wconf 87' lang='lat' dir='ltr'>esse</span> <span class='ocrx_word' id='word_1_127' title='bbox 981 1378 1055 1419; x_wconf 93' lang='lat' dir='ltr'>ille</span> <span class='ocrx_word' id='word_1_128' title='bbox 1077 1378 1245 1433; x_wconf 82' lang='lat' dir='ltr'>neget.4</span> <span class='ocrx_word' id='word_1_129' title='bbox 1306 1380 1409 1420; x_wconf 93' lang='lat' dir='ltr'>Non</span> <span class='ocrx_word' id='word_1_130' title='bbox 1433 1381 1579 1420; x_wconf 90' lang='lat' dir='ltr'>minus</span> 
     </span>
     <span class='ocr_line' id='line_1_20' title="bbox 164 1447 1575 1500; baseline -0.002 -8"><span class='ocrx_word' id='word_1_131' title='bbox 164 1457 316 1492; x_wconf 91' lang='lat' dir='ltr'>tamen</span> <span class='ocrx_word' id='word_1_132' title='bbox 354 1450 535 1491; x_wconf 87' lang='lat' dir='ltr'>evidens</span> <span class='ocrx_word' id='word_1_133' title='bbox 570 1447 758 1497; x_wconf 87' lang='lat' dir='ltr'>videtur,</span> <span class='ocrx_word' id='word_1_134' title='bbox 792 1447 913 1500; x_wconf 88' lang='lat' dir='ltr'>quod</span> <span class='ocrx_word' id='word_1_135' title='bbox 951 1448 1072 1497; x_wconf 84' lang='lat' dir='ltr'>satis,</span> <span class='ocrx_word' id='word_1_136' title='bbox 1109 1448 1154 1488; x_wconf 90' lang='lat' dir='ltr'>ni</span> <span class='ocrx_word' id='word_1_137' title='bbox 1190 1448 1329 1497; x_wconf 88' lang='lat' dir='ltr'>fallor,</span> <span class='ocrx_word' id='word_1_138' title='bbox 1368 1462 1426 1489; x_wconf 86' lang='lat' dir='ltr'>ex</span> <span class='ocrx_word' id='word_1_139' title='bbox 1461 1449 1575 1489; x_wconf 89' lang='lat' dir='ltr'>infra</span> 
     </span>
     <span class='ocr_line' id='line_1_21' title="bbox 166 1515 1576 1572; baseline -0.001 -12"><span class='ocrx_word' id='word_1_140' title='bbox 166 1518 260 1572; x_wconf 88' lang='lat' dir='ltr'>(nn.</span> <span class='ocrx_word' id='word_1_141' title='bbox 297 1517 510 1571; x_wconf 84' lang='lat'>674-688)</span> <span class='ocrx_word' id='word_1_142' title='bbox 547 1515 750 1557; x_wconf 87' lang='lat' dir='ltr'>dicendis</span> <span class='ocrx_word' id='word_1_143' title='bbox 792 1515 977 1568; x_wconf 84' lang='lat' dir='ltr'>patebit,</span> <span class='ocrx_word' id='word_1_144' title='bbox 1012 1515 1285 1570; x_wconf 81' lang='lat' dir='ltr'>Angelicum</span> <span class='ocrx_word' id='word_1_145' title='bbox 1329 1518 1576 1558; x_wconf 88' lang='lat' dir='ltr'>Doctorern</span> 
     </span>
     <span class='ocr_line' id='line_1_22' title="bbox 163 1584 1576 1639; baseline -0.001 -11"><span class='ocrx_word' id='word_1_146' title='bbox 163 1587 265 1628; x_wconf 90' lang='lat' dir='ltr'>ideo</span> <span class='ocrx_word' id='word_1_147' title='bbox 301 1593 476 1628; x_wconf 88' lang='lat' dir='ltr'>tantum</span> <span class='ocrx_word' id='word_1_148' title='bbox 515 1598 677 1638; x_wconf 79' lang='lat' dir='ltr'>negare</span> <span class='ocrx_word' id='word_1_149' title='bbox 714 1584 1007 1636; x_wconf 79' lang='lat' dir='ltr'>indifferentes</span> <span class='ocrx_word' id='word_1_150' title='bbox 1038 1598 1134 1625; x_wconf 86' lang='lat' dir='ltr'>esse</span> <span class='ocrx_word' id='word_1_151' title='bbox 1156 1591 1296 1634; x_wconf 89' lang='lat' dir='ltr'>actus,</span> <span class='ocrx_word' id='word_1_152' title='bbox 1319 1586 1423 1639; x_wconf 89' lang='lat' dir='ltr'>quia</span> <span class='ocrx_word' id='word_1_153' title='bbox 1445 1587 1576 1627; x_wconf 87' lang='lat' dir='ltr'>docet</span> 
     </span>
     <span class='ocr_line' id='line_1_23' title="bbox 164 1652 1573 1708; baseline 0 -12"><span class='ocrx_word' id='word_1_154' title='bbox 164 1669 240 1696; x_wconf 88' lang='lat' dir='ltr'>eos</span> <span class='ocrx_word' id='word_1_155' title='bbox 262 1662 388 1696; x_wconf 86' lang='lat' dir='ltr'>actus</span> <span class='ocrx_word' id='word_1_156' title='bbox 409 1656 465 1696; x_wconf 90' lang='lat' dir='ltr'>de</span> <span class='ocrx_word' id='word_1_157' title='bbox 488 1654 650 1708; x_wconf 87' lang='lat' dir='ltr'>quibus</span> <span class='ocrx_word' id='word_1_158' title='bbox 672 1652 743 1692; x_wconf 91' lang='lat' dir='ltr'>hic</span> <span class='ocrx_word' id='word_1_159' title='bbox 766 1653 914 1706; x_wconf 83' lang='lat' dir='ltr'>agitur</span> <span class='ocrx_word' id='word_1_160' title='bbox 935 1666 1023 1693; x_wconf 93' lang='lat' dir='ltr'>non</span> <span class='ocrx_word' id='word_1_161' title='bbox 1046 1653 1184 1694; x_wconf 83' lang='lat' dir='ltr'>malos</span> <span class='ocrx_word' id='word_1_162' title='bbox 1205 1668 1315 1704; x_wconf 88' lang='lat' dir='ltr'>esse,</span> <span class='ocrx_word' id='word_1_163' title='bbox 1336 1655 1414 1695; x_wconf 88' lang='lat' dir='ltr'>sed</span> <span class='ocrx_word' id='word_1_164' title='bbox 1438 1655 1573 1696; x_wconf 79' lang='lat' dir='ltr'>bonos.</span> 
     </span>
     <span class='ocr_line' id='line_1_24' title="bbox 166 1721 1574 1777; baseline 0 -12"><span class='ocrx_word' id='word_1_165' title='bbox 166 1725 325 1777; x_wconf 90' lang='lat' dir='ltr'>Neque</span> <span class='ocrx_word' id='word_1_166' title='bbox 361 1723 478 1764; x_wconf 89' lang='lat' dir='ltr'>enim</span> <span class='ocrx_word' id='word_1_167' title='bbox 517 1727 668 1763; x_wconf 89' lang='lat' dir='ltr'>censet</span> <span class='ocrx_word' id='word_1_168' title='bbox 702 1727 866 1770; x_wconf 90' lang='lat' dir='ltr'>actum,</span> <span class='ocrx_word' id='word_1_169' title='bbox 888 1721 964 1774; x_wconf 88' lang='lat' dir='ltr'>qui</span> <span class='ocrx_word' id='word_1_170' title='bbox 998 1735 1056 1762; x_wconf 78' lang='lat' dir='ltr'>ex</span> <span class='ocrx_word' id='word_1_171' title='bbox 1078 1735 1126 1762; x_wconf 93' lang='lat' dir='ltr'>se</span> <span class='ocrx_word' id='word_1_172' title='bbox 1148 1735 1236 1762; x_wconf 91' lang='lat' dir='ltr'>non</span> <span class='ocrx_word' id='word_1_173' title='bbox 1260 1723 1402 1764; x_wconf 84' lang='lat' dir='ltr'>malus</span> <span class='ocrx_word' id='word_1_174' title='bbox 1424 1724 1492 1773; x_wconf 87' lang='lat' dir='ltr'>sit,</span> <span class='ocrx_word' id='word_1_175' title='bbox 1516 1738 1574 1764; x_wconf 80' lang='lat' dir='ltr'>ex</span> 
     </span>
     <span class='ocr_line' id='line_1_25' title="bbox 163 1788 1572 1843; baseline 0 -10"><span class='ocrx_word' id='word_1_176' title='bbox 163 1806 217 1833; x_wconf 85' lang='lat' dir='ltr'>eo</span> <span class='ocrx_word' id='word_1_177' title='bbox 266 1791 413 1832; x_wconf 87' lang='lat' dir='ltr'>vitiari</span> <span class='ocrx_word' id='word_1_178' title='bbox 459 1790 579 1843; x_wconf 87' lang='lat' dir='ltr'>quod</span> <span class='ocrx_word' id='word_1_179' title='bbox 631 1803 719 1830; x_wconf 90' lang='lat' dir='ltr'>non</span> <span class='ocrx_word' id='word_1_180' title='bbox 773 1788 987 1830; x_wconf 87' lang='lat' dir='ltr'>referatur</span> <span class='ocrx_word' id='word_1_181' title='bbox 1037 1790 1081 1830; x_wconf 91' lang='lat' dir='ltr'>in</span> <span class='ocrx_word' id='word_1_182' title='bbox 1132 1790 1388 1832; x_wconf 88' lang='lat' dir='ltr'>ulteriorem</span> <span class='ocrx_word' id='word_1_183' title='bbox 1439 1792 1572 1833; x_wconf 88' lang='lat' dir='ltr'>finem</span> 
     </span>
     <span class='ocr_line' id='line_1_26' title="bbox 162 1858 1575 1913; baseline 0.001 -12"><span class='ocrx_word' id='word_1_184' title='bbox 162 1861 430 1902; x_wconf 84' lang='lat' dir='ltr'>honesturn:</span> <span class='ocrx_word' id='word_1_185' title='bbox 462 1858 593 1913; x_wconf 88' lang='lat' dir='ltr'>plane</span> <span class='ocrx_word' id='word_1_186' title='bbox 614 1871 719 1898; x_wconf 89' lang='lat' dir='ltr'>vero</span> <span class='ocrx_word' id='word_1_187' title='bbox 752 1858 886 1899; x_wconf 88' lang='lat' dir='ltr'>docet</span> <span class='ocrx_word' id='word_1_188' title='bbox 922 1864 1085 1908; x_wconf 88' lang='lat' dir='ltr'>actum,</span> <span class='ocrx_word' id='word_1_189' title='bbox 1120 1859 1368 1901; x_wconf 91' lang='lat' dir='ltr'>dummodo</span> <span class='ocrx_word' id='word_1_190' title='bbox 1405 1874 1493 1901; x_wconf 90' lang='lat' dir='ltr'>non</span> <span class='ocrx_word' id='word_1_191' title='bbox 1517 1861 1575 1903; x_wconf 85' lang='lat' dir='ltr'>sit</span> 
     </span>
    </p>
   </div>
   <div class='ocr_carea' id='block_1_4' title="bbox 160 1992 1573 2515">
    <p class='ocr_par' dir='ltr' id='par_1_6' title="bbox 209 1992 1083 2034">
     <span class='ocr_line' id='line_1_27' title="bbox 209 1992 1083 2034; baseline -0.002 -8"><span class='ocrx_word' id='word_1_192' title='bbox 209 1992 218 2012; x_wconf 84' lang='lat'>¹</span> <span class='ocrx_word' id='word_1_193' title='bbox 235 1993 360 2032; x_wconf 82' lang='lat' dir='ltr'>Collet,</span> <span class='ocrx_word' id='word_1_194' title='bbox 385 1994 441 2024; x_wconf 83' lang='lat' dir='ltr'>Tr.</span> <span class='ocrx_word' id='word_1_195' title='bbox 457 1993 494 2023; x_wconf 82' lang='lat' dir='ltr'>de</span> <span class='ocrx_word' id='word_1_196' title='bbox 509 1994 584 2024; x_wconf 78' lang='lat' dir='ltr'><em>Act.</em></span> <span class='ocrx_word' id='word_1_197' title='bbox 603 1993 787 2030; x_wconf 82' lang='lat' dir='ltr'>Humanis,</span> <span class='ocrx_word' id='word_1_198' title='bbox 808 1993 898 2034; x_wconf 81' lang='lat' dir='ltr'>Cap.</span> <span class='ocrx_word' id='word_1_199' title='bbox 914 1992 959 2024; x_wconf 90' lang='lat' dir='ltr'>iv.</span> <span class='ocrx_word' id='word_1_200' title='bbox 974 2002 1010 2024; x_wconf 91' lang='lat' dir='ltr'>n.</span> <span class='ocrx_word' id='word_1_201' title='bbox 1027 2002 1083 2029; x_wconf 82' lang='lat'>40.</span> 
     </span>
    </p>

    <p class='ocr_par' dir='ltr' id='par_1_7' title="bbox 186 2036 1570 2168">
     <span class='ocr_line' id='line_1_28' title="bbox 206 2036 1570 2079; baseline 0.002 -10"><span class='ocrx_word' id='word_1_202' title='bbox 206 2038 220 2058; x_wconf 72' lang='lat'>2</span> <span class='ocrx_word' id='word_1_203' title='bbox 235 2038 316 2069; x_wconf 89' lang='lat' dir='ltr'>Vid.</span> <span class='ocrx_word' id='word_1_204' title='bbox 332 2048 402 2078; x_wconf 81' lang='lat' dir='ltr'><strong>v.g.</strong></span> <span class='ocrx_word' id='word_1_205' title='bbox 422 2037 459 2069; x_wconf 88' lang='lat' dir='ltr'>S.</span> <span class='ocrx_word' id='word_1_206' title='bbox 477 2036 659 2078; x_wconf 65' lang='lat' dir='ltr'>Alphons„</span> <span class='ocrx_word' id='word_1_207' title='bbox 680 2036 755 2067; x_wconf 86' lang='lat' dir='ltr'>Lib.</span> <span class='ocrx_word' id='word_1_208' title='bbox 775 2044 806 2067; x_wconf 90' lang='lat'>2.</span> <span class='ocrx_word' id='word_1_209' title='bbox 835 2037 890 2067; x_wconf 80' lang='lat' dir='ltr'>De</span> <span class='ocrx_word' id='word_1_210' title='bbox 911 2038 985 2068; x_wconf 84' lang='lat' dir='ltr'><em>Act.</em></span> <span class='ocrx_word' id='word_1_211' title='bbox 1005 2038 1190 2077; x_wconf 80' lang='lat' dir='ltr'>Humanis,</span> <span class='ocrx_word' id='word_1_212' title='bbox 1210 2049 1243 2070; x_wconf 88' lang='lat' dir='ltr'>n.</span> <span class='ocrx_word' id='word_1_213' title='bbox 1270 2047 1336 2079; x_wconf 79' lang='lat'>443</span> <span class='ocrx_word' id='word_1_214' title='bbox 1364 2044 1397 2071; x_wconf 88' lang='lat' dir='ltr'>et</span> <span class='ocrx_word' id='word_1_215' title='bbox 1421 2040 1518 2079; x_wconf 88' lang='lat' dir='ltr'>infra,</span> <span class='ocrx_word' id='word_1_216' title='bbox 1537 2051 1570 2072; x_wconf 91' lang='lat' dir='ltr'>n.</span> 
     </span>
     <span class='ocr_line' id='line_1_29' title="bbox 186 2087 1556 2168; baseline 0.002 -12"><span class='ocrx_word' id='word_1_217' title='bbox 186 2087 225 2145; x_wconf 53' lang='lat'>5²?</span> <span class='ocrx_word' id='word_1_218' title='bbox 242 2125 322 2156; x_wconf 91' lang='lat' dir='ltr'>Vid.</span> <span class='ocrx_word' id='word_1_219' title='bbox 337 2134 406 2165; x_wconf 84' lang='lat' dir='ltr'>v.g.</span> <span class='ocrx_word' id='word_1_220' title='bbox 427 2123 564 2155; x_wconf 87' lang='lat' dir='ltr'>Henno.</span> <span class='ocrx_word' id='word_1_221' title='bbox 599 2123 657 2154; x_wconf 80' lang='lat' dir='ltr'>Tr.</span> <span class='ocrx_word' id='word_1_222' title='bbox 675 2123 712 2154; x_wconf 75' lang='lat' dir='ltr'>de</span> <span class='ocrx_word' id='word_1_223' title='bbox 728 2127 802 2154; x_wconf 84' lang='lat' dir='ltr'><em>Act.</em></span> <span class='ocrx_word' id='word_1_224' title='bbox 820 2123 1007 2162; x_wconf 70' lang='lat' dir='ltr'>Humanis,</span> <span class='ocrx_word' id='word_1_225' title='bbox 1027 2124 1124 2166; x_wconf 86' lang='lat' dir='ltr'>Disp.</span> <span class='ocrx_word' id='word_1_226' title='bbox 1139 2133 1171 2165; x_wconf 87' lang='lat'>3.</span> <span class='ocrx_word' id='word_1_227' title='bbox 1190 2131 1315 2167; x_wconf 79' lang='lat' dir='ltr'>quaest.</span> <span class='ocrx_word' id='word_1_228' title='bbox 1336 2125 1368 2157; x_wconf 87' lang='grc'>6.</span> <span class='ocrx_word' id='word_1_229' title='bbox 1384 2127 1503 2159; x_wconf 86' lang='lat' dir='ltr'>resolv.</span> <span class='ocrx_word' id='word_1_230' title='bbox 1523 2136 1556 2168; x_wconf 90' lang='lat'>3.</span> 
     </span>
    </p>

    <p class='ocr_par' dir='ltr' id='par_1_8' title="bbox 160 2166 1573 2515">
     <span class='ocr_line' id='line_1_30' title="bbox 206 2166 1572 2210; baseline 0.002 -10"><span class='ocrx_word' id='word_1_231' title='bbox 206 2169 335 2200; x_wconf 87' lang='lat' dir='ltr'>Auctor</span> <span class='ocrx_word' id='word_1_232' title='bbox 359 2168 428 2206; x_wconf 86' lang='lat' dir='ltr'>ille,</span> <span class='ocrx_word' id='word_1_233' title='bbox 447 2166 684 2198; x_wconf 82' lang='lat' dir='ltr'>sententiarum</span> <span class='ocrx_word' id='word_1_234' title='bbox 714 2166 932 2199; x_wconf 74' lang='lat' dir='ltr'>Scotistarum</span> <span class='ocrx_word' id='word_1_235' title='bbox 949 2173 1179 2210; x_wconf 83' lang='lat' dir='ltr'>propugnator</span> <span class='ocrx_word' id='word_1_236' title='bbox 1194 2169 1464 2209; x_wconf 84' lang='lat' dir='ltr'>studiosissimus,</span> <span class='ocrx_word' id='word_1_237' title='bbox 1489 2171 1572 2203; x_wconf 85' lang='lat' dir='ltr'>haec</span> 
     </span>
     <span class='ocr_line' id='line_1_31' title="bbox 162 2210 1572 2252; baseline 0.002 -8"><span class='ocrx_word' id='word_1_238' title='bbox 162 2212 196 2243; x_wconf 91' lang='lat' dir='ltr'>in</span> <span class='ocrx_word' id='word_1_239' title='bbox 223 2223 282 2244; x_wconf 84' lang='lat' dir='ltr'>sua</span> <span class='ocrx_word' id='word_1_240' title='bbox 309 2211 519 2243; x_wconf 86' lang='lat' dir='ltr'>Praefatione</span> <span class='ocrx_word' id='word_1_241' title='bbox 549 2210 592 2241; x_wconf 87' lang='lat' dir='ltr'>ad</span> <span class='ocrx_word' id='word_1_242' title='bbox 629 2211 817 2247; x_wconf 82' lang='lat' dir='ltr'>Lectorem‚</span> <span class='ocrx_word' id='word_1_243' title='bbox 851 2221 1021 2252; x_wconf 88' lang='lat' dir='ltr'>exponens</span> <span class='ocrx_word' id='word_1_244' title='bbox 1049 2212 1171 2252; x_wconf 85' lang='lat' dir='ltr'>Operis</span> <span class='ocrx_word' id='word_1_245' title='bbox 1199 2213 1374 2251; x_wconf 84' lang='lat' dir='ltr'>rationem,</span> <span class='ocrx_word' id='word_1_246' title='bbox 1403 2214 1504 2246; x_wconf 86' lang='lat' dir='ltr'>habet</span> <span class='ocrx_word' id='word_1_247' title='bbox 1519 2227 1572 2247; x_wconf 90' lang='lat'>:—</span> 
     </span>
     <span class='ocr_line' id='line_1_32' title="bbox 167 2253 1570 2299; baseline 0.002 -12"><span class='ocrx_word' id='word_1_248' title='bbox 167 2258 188 2272; x_wconf 91' lang='lat'>“</span> <span class='ocrx_word' id='word_1_249' title='bbox 202 2255 424 2297; x_wconf 85' lang='lat' dir='ltr'>Theologiam</span> <span class='ocrx_word' id='word_1_250' title='bbox 443 2259 590 2286; x_wconf 86' lang='lat' dir='ltr'>nostram</span> <span class='ocrx_word' id='word_1_251' title='bbox 607 2253 777 2295; x_wconf 86' lang='lat' dir='ltr'>principiis</span> <span class='ocrx_word' id='word_1_252' title='bbox 794 2254 1010 2286; x_wconf 85' lang='lat' dir='ltr'>Thomisticis</span> <span class='ocrx_word' id='word_1_253' title='bbox 1026 2260 1059 2286; x_wconf 88' lang='lat' dir='ltr'>et</span> <span class='ocrx_word' id='word_1_254' title='bbox 1083 2255 1269 2288; x_wconf 79' lang='lat' dir='ltr'>Scotisticis</span> <span class='ocrx_word' id='word_1_255' title='bbox 1292 2265 1454 2299; x_wconf 84' lang='lat' dir='ltr'>quantum</span> <span class='ocrx_word' id='word_1_256' title='bbox 1476 2258 1570 2290; x_wconf 90' lang='lat' dir='ltr'>licuit</span> 
     </span>
     <span class='ocr_line' id='line_1_33' title="bbox 161 2297 1570 2334; baseline 0.003 -4"><span class='ocrx_word' id='word_1_257' title='bbox 161 2300 417 2331; x_wconf 84' lang='lat' dir='ltr'>accommodare</span> <span class='ocrx_word' id='word_1_258' title='bbox 447 2298 643 2329; x_wconf 70' lang='lat' dir='ltr'>studuimus⁴</span> <span class='ocrx_word' id='word_1_259' title='bbox 690 2297 763 2328; x_wconf 88' lang='lat' dir='ltr'>Nec</span> <span class='ocrx_word' id='word_1_260' title='bbox 788 2297 923 2329; x_wconf 86' lang='lat' dir='ltr'>difficile</span> <span class='ocrx_word' id='word_1_261' title='bbox 946 2298 1008 2330; x_wconf 86' lang='lat' dir='ltr'>fuit</span> <span class='ocrx_word' id='word_1_262' title='bbox 1035 2299 1069 2329; x_wconf 89' lang='lat' dir='ltr'>in</span> <span class='ocrx_word' id='word_1_263' title='bbox 1097 2299 1281 2332; x_wconf 87' lang='lat' dir='ltr'>Moralibus</span> <span class='ocrx_word' id='word_1_264' title='bbox 1304 2323 1333 2333; x_wconf 88' lang='lat'>..</span> <span class='ocrx_word' id='word_1_265' title='bbox 1363 2325 1392 2333; x_wconf 88' lang='lat'>..</span> <span class='ocrx_word' id='word_1_266' title='bbox 1415 2302 1496 2333; x_wconf 93' lang='lat' dir='ltr'>Non</span> <span class='ocrx_word' id='word_1_267' title='bbox 1523 2302 1570 2334; x_wconf 78' lang='lat' dir='ltr'>ita</span> 
     </span>
     <span class='ocr_line' id='line_1_34' title="bbox 162 2340 1573 2385; baseline 0.002 -11"><span class='ocrx_word' id='word_1_268' title='bbox 162 2343 269 2375; x_wconf 80' lang='lat' dir='ltr'>facilis</span> <span class='ocrx_word' id='word_1_269' title='bbox 297 2348 347 2374; x_wconf 84' lang='lat' dir='ltr'>est</span> <span class='ocrx_word' id='word_1_270' title='bbox 373 2342 408 2374; x_wconf 87' lang='lat' dir='ltr'>in</span> <span class='ocrx_word' id='word_1_271' title='bbox 438 2340 662 2382; x_wconf 83' lang='lat' dir='ltr'>Speculativis</span> <span class='ocrx_word' id='word_1_272' title='bbox 677 2341 864 2372; x_wconf 87' lang='lat' dir='ltr'>Doctorum</span> <span class='ocrx_word' id='word_1_273' title='bbox 890 2341 1061 2383; x_wconf 85' lang='lat' dir='ltr'>[Angelici</span> <span class='ocrx_word' id='word_1_274' title='bbox 1085 2347 1117 2374; x_wconf 88' lang='lat' dir='ltr'>et</span> <span class='ocrx_word' id='word_1_275' title='bbox 1147 2344 1307 2385; x_wconf 77' lang='lat' dir='ltr'>subtilis]</span> <span class='ocrx_word' id='word_1_276' title='bbox 1331 2346 1521 2383; x_wconf 87' lang='lat' dir='ltr'>concordia,</span> <span class='ocrx_word' id='word_1_277' title='bbox 1540 2347 1573 2377; x_wconf 79' lang='lat' dir='ltr'>si</span> 
     </span>
     <span class='ocr_line' id='line_1_35' title="bbox 160 2383 1565 2430; baseline 0.002 -12"><span class='ocrx_word' id='word_1_278' title='bbox 160 2388 275 2418; x_wconf 74' lang='lat' dir='ltr'>saltem</span> <span class='ocrx_word' id='word_1_279' title='bbox 302 2387 438 2418; x_wconf 83' lang='lat' dir='ltr'>illorum</span> <span class='ocrx_word' id='word_1_280' title='bbox 465 2384 652 2426; x_wconf 76' lang='lat' dir='ltr'>sequacibus</span> <span class='ocrx_word' id='word_1_281' title='bbox 675 2383 772 2421; x_wconf 76' lang='lat' dir='ltr'>fidem</span> <span class='ocrx_word' id='word_1_282' title='bbox 803 2384 1036 2417; x_wconf 75' lang='lat' dir='ltr'>adhibeamus.-</span> <span class='ocrx_word' id='word_1_283' title='bbox 1070 2387 1158 2428; x_wconf 89' lang='lat' dir='ltr'>quod</span> <span class='ocrx_word' id='word_1_284' title='bbox 1190 2388 1290 2426; x_wconf 88' lang='lat' dir='ltr'>addo,</span> <span class='ocrx_word' id='word_1_285' title='bbox 1321 2389 1399 2430; x_wconf 87' lang='lat' dir='ltr'>quia</span> <span class='ocrx_word' id='word_1_286' title='bbox 1429 2389 1456 2420; x_wconf 87' lang='lat' dir='ltr'>si</span> <span class='ocrx_word' id='word_1_287' title='bbox 1484 2390 1565 2422; x_wconf 89' lang='lat' dir='ltr'>DD.</span> 
     </span>
     <span class='ocr_line' id='line_1_36' title="bbox 162 2428 1569 2471; baseline 0.001 -9"><span class='ocrx_word' id='word_1_288' title='bbox 162 2435 349 2462; x_wconf 81' lang='lat' dir='ltr'>nostrorum</span> <span class='ocrx_word' id='word_1_289' title='bbox 366 2429 488 2471; x_wconf 81' lang='lat' dir='ltr'>scripta</span> <span class='ocrx_word' id='word_1_290' title='bbox 504 2428 538 2459; x_wconf 90' lang='lat' dir='ltr'>in</span> <span class='ocrx_word' id='word_1_291' title='bbox 554 2439 601 2465; x_wconf 85' lang='lat' dir='ltr'>se,</span> <span class='ocrx_word' id='word_1_292' title='bbox 617 2438 690 2458; x_wconf 89' lang='lat' dir='ltr'>cum</span> <span class='ocrx_word' id='word_1_293' title='bbox 709 2428 901 2459; x_wconf 83' lang='lat' dir='ltr'>maturitate</span> <span class='ocrx_word' id='word_1_294' title='bbox 917 2433 948 2460; x_wconf 81' lang='lat' dir='ltr'>et</span> <span class='ocrx_word' id='word_1_295' title='bbox 964 2429 1036 2461; x_wconf 85' lang='lat' dir='ltr'>sine</span> <span class='ocrx_word' id='word_1_296' title='bbox 1052 2431 1291 2471; x_wconf 81' lang='lat' dir='ltr'>praeventione</span> <span class='ocrx_word' id='word_1_297' title='bbox 1307 2432 1569 2469; x_wconf 79' lang='lat' dir='ltr'>considerentur,</span> 
     </span>
     <span class='ocr_line' id='line_1_37' title="bbox 160 2471 1569 2515; baseline 0.003 -10"><span class='ocrx_word' id='word_1_298' title='bbox 160 2475 366 2515; x_wconf 84' lang='lat' dir='ltr'>reperientur</span> <span class='ocrx_word' id='word_1_299' title='bbox 390 2474 425 2504; x_wconf 88' lang='lat' dir='ltr'>in</span> <span class='ocrx_word' id='word_1_300' title='bbox 452 2471 660 2514; x_wconf 81' lang='lat' dir='ltr'>paucissimis</span> <span class='ocrx_word' id='word_1_301' title='bbox 677 2471 855 2510; x_wconf 80' lang='lat' dir='ltr'>contraria,</span> <span class='ocrx_word' id='word_1_302' title='bbox 881 2476 917 2503; x_wconf 88' lang='lat' dir='ltr'>ut</span> <span class='ocrx_word' id='word_1_303' title='bbox 935 2471 1102 2514; x_wconf 86' lang='lat' dir='ltr'>legentem</span> <span class='ocrx_word' id='word_1_304' title='bbox 1128 2475 1304 2507; x_wconf 88' lang='lat' dir='ltr'>convincet</span> <span class='ocrx_word' id='word_1_305' title='bbox 1326 2475 1388 2507; x_wconf 89' lang='lat' dir='ltr'>hoc</span> <span class='ocrx_word' id='word_1_306' title='bbox 1414 2476 1569 2510; x_wconf 84' lang='lat' dir='ltr'>manuale</span> 
     </span>
    </p>
   </div>
   <div class='ocr_carea' id='block_1_5' title="bbox 160 2515 1042 2602">
    <p class='ocr_par' dir='ltr' id='par_1_9' title="bbox 160 2515 1042 2602">
     <span class='ocr_line' id='line_1_38' title="bbox 160 2515 401 2559; baseline -0.004 -10"><span class='ocrx_word' id='word_1_307' title='bbox 160 2515 401 2559; x_wconf 82' lang='lat' dir='ltr'>opusculum.&#39;&#39;</span> 
     </span>
     <span class='ocr_line' id='line_1_39' title="bbox 205 2558 1042 2602; baseline -0.002 -10"><span class='ocrx_word' id='word_1_308' title='bbox 205 2560 219 2580; x_wconf 76' lang='lat'>⁴</span> <span class='ocrx_word' id='word_1_309' title='bbox 242 2561 322 2593; x_wconf 89' lang='lat' dir='ltr'>Vid.</span> <span class='ocrx_word' id='word_1_310' title='bbox 340 2571 403 2602; x_wconf 84' lang='lat' dir='ltr'>v.g.</span> <span class='ocrx_word' id='word_1_311' title='bbox 421 2560 574 2597; x_wconf 77' lang='lat' dir='ltr'>Summa,</span> <span class='ocrx_word' id='word_1_312' title='bbox 598 2566 624 2597; x_wconf 84' lang='lat'>1,</span> <span class='ocrx_word' id='word_1_313' title='bbox 645 2566 677 2590; x_wconf 89' lang='lat'>2.</span> <span class='ocrx_word' id='word_1_314' title='bbox 703 2558 842 2598; x_wconf 77' lang='lat' dir='ltr'>Quaest.</span> <span class='ocrx_word' id='word_1_315' title='bbox 864 2558 913 2592; x_wconf 88' lang='lat'>18.</span> <span class='ocrx_word' id='word_1_316' title='bbox 933 2563 995 2591; x_wconf 83' lang='lat' dir='ltr'>art.</span> <span class='ocrx_word' id='word_1_317' title='bbox 1010 2568 1042 2600; x_wconf 90' lang='lat'>9.</span> 
     </span>
    </p>
   </div>
  </div>
 </body>
</html>
