1716 2729
123 92 165 119 n.
184 79 245 133 9.]
571 79 621 120 de
640 78 822 120 Actibus
843 80 1082 121 Humanis,
1464 97 1513 137 55

122 207 174 234 eo
205 196 323 247 quod
361 195 501 235 bonus
539 194 719 234 effectus
755 207 842 234 non
879 194 1130 235 obtineatur
1170 197 1251 236 nisi
1294 199 1515 240 mediante

121 261 280 302 effectu
303 262 429 302 malo.
494 260 790 314 Quandonam
812 275 916 302 vero
947 269 991 303 et
1022 269 1238 316 quatenus
1261 265 1304 305 id
1327 268 1514 316 eveniat,

120 330 197 369 vix
219 329 325 369 satis
346 328 460 368 clare
482 329 646 381 exponi
665 335 812 381 potest
828 329 970 370 donec
985 331 1191 384 exposita
1208 332 1337 373 fuerit
1358 341 1515 386 quarta

120 397 316 438 conditio
339 409 376 436 n.
405 407 493 436 122.
527 397 750 436 recensita.

182 464 273 515 146.
309 464 466 516 Itaque
499 470 652 516 quarto
685 464 830 506 solent
863 465 956 505 TT.
995 466 1064 506 hic
1097 467 1277 520 exigere
1299 476 1348 509 ut
1379 483 1513 522 agens

119 532 245 572 unice
266 532 468 572 intendat
509 532 715 572 effectum
757 533 933 582 bonum,
973 540 1018 575 et
1059 535 1160 575 ideo
1201 549 1305 589 erga
1347 536 1512 578 malum

119 599 323 640 effectum
335 599 595 651 permissive
614 606 789 641 tantum
812 615 858 641 se
879 601 1068 642 habeat.l

179 678 270 719 147.
305 668 430 708 Haec
451 669 671 709 sententia
702 669 862 710 deduci
892 670 1068 711 videtur
1099 686 1157 712 ex
1188 672 1332 712 verbis
1355 673 1513 725 quibus

117 735 160 778 S.
198 736 397 776 Thomas
438 737 624 788 exponit
675 738 900 789 quomodo
952 738 1082 779 liceat
1133 739 1344 792 injustum
1397 740 1514 780 vitae

116 816 419 857 aggressorem
461 804 671 844 occidere.
750 804 912 845 “Nihil
952 805 1193 859 prohibet,’'
1238 808 1300 847 ait
1342 808 1514 848 Doctor

116 870 390 924 AngelicuS‚2
411 875 435 892 “
455 872 583 912 unius
605 878 728 913 actus
746 887 840 913 esse
856 874 968 914 duos
982 875 1175 925 effectus,
1193 890 1379 928 quorum
1402 876 1513 917 alter

115 940 172 979 sit
205 940 248 979 in
287 940 540 987 intentione,
578 940 689 980 alter
724 947 896 993 praeter
928 943 1231 983 intentionem.
1307 944 1375 983 Ex
1411 950 1511 984 actu

116 1020 221 1060 ergo
242 1007 426 1060 alicujus
446 1021 493 1047 se
524 1007 801 1048 defendentis
818 1009 986 1062 duplex
1004 1010 1185 1052 effectus
1207 1012 1330 1064 sequi
1352 1018 1512 1065 potest,

115 1088 227 1115 unus
267 1076 446 1129 quidem
489 1078 763 1117 conservatio
804 1080 1005 1131 propriae
1044 1079 1173 1130 vitae,
1215 1080 1325 1121 alius
1362 1087 1511 1121 autem

115 1144 277 1185 occisio
317 1144 574 1184 invadentis.
665 1144 808 1185 Actus
849 1145 1117 1199 hujusmodi,
1146 1162 1203 1188 ex
1255 1147 1339 1188 hoc
1391 1151 1510 1202 quod

116 1212 357 1252 intenditur
383 1212 643 1253 conservatio
655 1214 859 1265 propriae
885 1214 1012 1263 vitae,
1036 1229 1123 1255 non
1145 1215 1280 1255 habet
1295 1217 1511 1258 rationem

116 1280 268 1321 illiciti.
331 1312 342 1321 .
403 1313 408 1317 .
477 1312 488 1321 .
521 1280 610 1321 Sed
669 1280 867 1321 illicitum
898 1290 962 1322 est
999 1284 1117 1335 quod
1150 1283 1285 1324 homo
1319 1284 1514 1326 intendat

115 1347 294 1388 occidere
332 1346 542 1387 nominem
583 1354 631 1388 ut
668 1349 861 1402 seipsum
913 1350 1158 1391 defendat.”
1235 1351 1368 1392 Unde
1408 1360 1511 1406 post

116 1414 381 1467 Cajetanum
423 1415 682 1456 Thomistae
712 1417 819 1457 satis
855 1417 1166 1459 communiter3
1196 1420 1358 1460 docent
1390 1421 1510 1462 nullo

115 1483 251 1523 modo
287 1482 415 1522 licere
447 1482 626 1532 homini,
659 1484 721 1524 sic
753 1498 800 1525 se
832 1486 987 1535 tuenti,
1009 1487 1277 1539 aggressoris
1310 1494 1510 1538 mortem,

114 1563 170 1590 ne
201 1557 250 1591 ut
291 1550 487 1590 medium
529 1551 707 1603 quidem
749 1566 796 1592 se
832 1555 1136 1603 conservandi,
1160 1555 1416 1596 intendere:
1448 1558 1509 1598 sic

112 1632 193 1672 v.g.
217 1615 430 1668 Billuart‚4
447 1624 683 1671 postquam
701 1622 855 1661 statuit
873 1621 1001 1661 licere
1024 1623 1333 1663 “transfodere
1354 1631 1509 1677 pectus

113 1693 191 1729 aut
210 1688 598 1741 gutturinvasoriS,
628 1687 697 1728 vel
727 1688 915 1741 dirigere
945 1689 1153 1742 glandem
1187 1691 1441 1744 plumbeam
1464 1694 1508 1734 in

111 1761 247 1809 caput
296 1754 432 1808 ejus,”
470 1754 697 1810 subjungit
729 1756 929 1797 illicitum
972 1771 1068 1798 esse
1109 1759 1374 1800 “intendere
1415 1761 1509 1813 ejus

112 1820 339 1872 mortem,'’
379 1824 436 1864 ad
478 1837 611 1877 quam
653 1824 818 1865 scilicet
857 1825 978 1874 alter,
1021 1827 1101 1866 etsi
1144 1840 1244 1866 eum
1291 1828 1509 1878 occidens,

110 1897 262 1931 tamen
291 1891 425 1932 debet
466 1892 748 1944 “permissive
787 1906 834 1933 se
873 1893 1047 1942 habere,
1090 1895 1322 1935 intendens
1363 1897 1506 1937 solum

114 1957 415 1998 defensionem
448 1959 614 2001 suam.'’
677 1960 803 2013 Quae
845 1961 1023 2014 quidem
1066 1962 1268 2003 subtilius
1310 1965 1507 2016 profecto

113 2038 247 2078 quam
268 2026 410 2066 verius
441 2027 561 2068 dieta
582 2028 794 2069 videntur.

177 2104 266 2144 140.
299 2093 400 2134 Non
423 2095 582 2135 desunt
605 2110 707 2136 vero
738 2098 823 2149 qui,
854 2098 1101 2138 doctrinam
1127 2099 1166 2140 S.
1190 2099 1390 2140 Thomae
1412 2114 1504 2140 orn-

115 2161 220 2201 nino
253 2161 379 2202 aliter
410 2163 720 2216 intelligentes,
756 2164 871 2205 illius
912 2165 1044 2206 verba
1085 2167 1146 2206 sic
1188 2175 1426 2221 exponant,
1459 2174 1506 2208 ut

116 2229 317 2270 illicitum
339 2236 559 2272 statuatur
580 2233 847 2286 aggressoris
870 2241 1057 2275 mortem
1081 2235 1293 2276 intendere
1312 2236 1506 2289 utfineni

122 2316 800 2323 —Q—

139 2403 146 2409 .
179 2360 189 2380 ¹
202 2360 283 2391 Vid.
301 2371 368 2402 v.g.
392 2362 495 2404 Gury,
523 2364 610 2395 Part.
627 2364 648 2396 i.
664 2375 698 2395 n.
716 2373 755 2404 93
782 2365 932 2404 Billuart‚
965 2367 1074 2398 Tract.
1092 2368 1130 2398 de
1160 2369 1395 2408 Temperantia,
1415 2369 1506 2400 Diss.

114 2413 157 2435 vi.
178 2411 238 2434 art.
260 2412 308 2435 12.

191 2447 363 2479 2Summa.
381 2455 411 2479 2.
431 2456 460 2481 2.
479 2449 614 2489 Quaest.
631 2451 684 2490 64.
703 2455 762 2482 art.
785 2458 812 2490 7.

194 2489 296 2520 ⁸Vid.
314 2491 471 2529 Carriere,
496 2493 547 2523 De
564 2493 708 2530 ‘Justitia
730 2498 759 2524 et
780 2495 884 2535 Jure,
911 2495 1000 2527 Part.
1017 2496 1050 2527 ii,
1071 2507 1103 2527 n.
1121 2497 1192 2535 784.

193 2532 206 2553 ‘¹
228 2534 335 2565 Tract.
356 2535 408 2565 De
421 2535 574 2576 Justitia
590 2541 617 2566 et
627 2538 728 2578 Jure,
750 2538 840 2568 Diss.
859 2549 888 2569 x.
905 2544 964 2569 art.
983 2546 1011 2579 5.
1031 2539 1044 2579 ᾧ
1063 2539 1097 2570 ii.
1118 2540 1308 2581 Requiritur
1325 2543 1373 2580 5⁰.
