1716 2729
120 106 191 133 nn.
219 104 281 144 14,
310 91 395 146 15.]
547 93 597 133 de
617 94 800 136 Actibus
820 94 1057 137 Humanis.

180 210 277 261 285.
312 206 693 252 Resolvesl—-10
726 210 865 260 Pueri,
888 212 1023 252 etiam
1047 213 1074 251 ii
1098 212 1171 264 qui
1195 227 1322 253 usum
1346 215 1527 255 rationiS

119 279 268 332 adepti
292 286 407 330 sunt,
430 279 512 320 etsi
547 278 835 319 materialiter
858 287 1047 332 peccant
1081 279 1292 321 facientes
1325 295 1376 322 ea
1412 296 1526 336 quae

118 346 174 387 de
207 361 254 387 se
290 347 443 388 illicita
476 353 592 394 sunt,
614 354 766 387 tamen
800 347 835 388 si
869 347 979 388 haec
1014 355 1150 402 agant
1183 350 1276 389 sine
1312 351 1402 391 ullo
1424 365 1526 391 con-

118 416 328 457 scientiae
359 430 522 470 angore
544 415 613 456 vel
631 415 882 468 suspicione
905 416 1212 466 inhonestatis,
1236 431 1323 457 non
1340 426 1528 470 peccant

104 484 370 536 formaliter,
394 499 469 525 seu
506 485 568 525 ita
590 490 638 524 ut
660 484 768 524 haec
803 485 847 524 in
870 485 1047 538 culpam
1084 486 1255 538 possint
1277 486 1360 527 illis
1384 488 1526 541 impu-

117 553 200 593 tari
219 551 244 594 :2
283 567 309 593 a
350 554 481 606 culpa
524 553 655 601 enim,
699 567 775 593 seu
819 567 844 593 a
874 554 1073 605 formali
1106 561 1302 608 peccato,
1341 564 1528 597 excusat

116 622 368 675 ignorantia
408 623 552 675 priore
595 622 730 662 modo
773 624 831 673 (n.
870 625 984 674 252.)
1031 624 1529 678 invincibilis—Neque

116 697 285 743 postea,
305 692 486 743 quando
508 691 798 744 cognoverint
821 705 874 731 ea
902 691 1054 732 illicita
1078 692 1223 743 fuisse,
1246 699 1454 735 tenentur
1476 708 1528 735 ea

116 759 346 808 confiteri;
378 774 481 800 nam
515 766 700 811 peccata
731 765 907 800 tantum
946 762 1198 802 materialia
1229 776 1315 802 non
1349 765 1527 818 respicit

114 835 402 882 praeceptum
425 828 732 871 confessionis.

174 901 219 937 2⁰
251 897 430 951 conjux
453 911 642 950 peccans
664 911 764 937 curn
789 898 970 938 muliere
993 912 1142 951 quam,
1163 901 1306 953 priore
1328 903 1464 943 modo
1487 918 1528 944 n.

115 975 210 1018 252.
234 968 452 1020 exposito,
477 966 789 1007 invincibiliter
824 967 999 1020 ignorat
1032 982 1128 1009 esse
1158 983 1354 1011 sororem
1377 973 1530 1012 uxoris

114 1048 232 1085 suae,
254 1049 352 1076 reus
385 1042 451 1076 est
482 1035 714 1085 adulterii;
748 1049 836 1075 non
875 1042 1025 1077 tamen
1063 1038 1256 1088 incestus,
1290 1045 1445 1093 utpote
1477 1055 1530 1081 eo

115 1104 250 1144 modo
272 1104 584 1145 invincibiliter
605 1104 808 1156 ignorati.
871 1104 973 1145 Vid.
993 1119 1136 1159 supra,
1159 1120 1230 1147 nn.
1244 1118 1313 1158 42,
1330 1120 1397 1159 92.

174 1176 218 1224 3⁰
241 1172 289 1214 Si
331 1172 633 1222 confessarius,
668 1172 878 1222 medicus,
913 1173 980 1214 vel
1009 1175 1166 1228 judex,
1208 1177 1290 1216 etsi
1328 1177 1531 1219 advertat

114 1240 197 1281 sibi
220 1241 373 1281 deesse
395 1241 687 1281 sufficientem
710 1241 941 1281 scientiam
965 1242 1022 1282 ad
1055 1243 1343 1296 fungendum,
1366 1247 1429 1286 uti
1452 1260 1532 1300 par

114 1315 196 1360 est,
230 1309 375 1350 officio
396 1324 488 1359 suo,
511 1309 796 1349 nihilominus
829 1316 986 1363 pergat
1009 1325 1168 1352 munus
1201 1327 1419 1363 exercere,
1440 1329 1529 1355 non

114 1377 315 1419 adhibita
365 1377 596 1431 diligentia
646 1377 799 1418 debita
834 1379 890 1418 ad
933 1379 1162 1420 scientiam
1201 1383 1530 1435 acquirendam,

112 1446 336 1486 tenebitur
357 1446 412 1486 de
428 1446 646 1486 erroribus
660 1459 771 1498 quos
789 1460 846 1486 ex
869 1460 949 1487 suo
971 1449 1133 1501 agendi
1151 1451 1286 1491 modo
1303 1458 1531 1493 secuturos

114 1515 465 1556 advertat.-De
487 1514 764 1555 confessariis
795 1520 890 1564 etc.,
924 1523 1142 1568 quatenus
1175 1532 1263 1559 non
1296 1521 1530 1562 advertant

111 1597 159 1624 se
179 1597 326 1624 carere
347 1583 532 1624 scientia
562 1583 726 1632 debita,
748 1583 832 1623 vid.
851 1590 996 1634 antea,
1027 1599 1065 1625 n.
1090 1595 1188 1638 255.

108 1642 112 1646 ⁵
171 1652 242 1692 De
282 1651 380 1692 aliis
417 1665 531 1705 quae
568 1652 625 1692 ad
662 1651 772 1691 haec
806 1658 1027 1704 spectant,
1082 1655 1168 1695 vid.
1204 1654 1340 1710 Gury,
1395 1657 1531 1699 Casus

114 1719 412 1772 Conscientiae,
435 1721 625 1763 Casibus
642 1722 688 1761 6⁰
709 1726 754 1761 et
778 1721 840 1772 7⁰.

542 1843 562 1892 ξ
588 1854 624 1883 2.
657 1842 727 1883 De
749 1842 1101 1897 Concupiscentia.

172 1932 269 1975 286.
301 1933 497 1974 Nomine
547 1932 899 1985 concupiscentiae
943 1933 1063 1975 haud
1121 1949 1219 1976 raro
1271 1936 1532 1991 intelligitur

115 2014 250 2054 prava
270 2001 356 2042 ista
377 2007 512 2055 atque
542 2001 806 2043 deordinata
836 2002 1065 2043 inclinatio
1097 2005 1334 2057 appetitus,
1355 2006 1446 2046 sive
1467 2007 1532 2046 in—

114 2068 282 2109 ferioris
315 2069 407 2110 sive
444 2070 694 2123 superioris,
717 2083 776 2110 ex
802 2070 1005 2124 originali
1037 2078 1222 2124 peccato
1243 2080 1411 2124 exorta,
1444 2089 1532 2128 qua

114 2137 250 2177 homo
272 2136 409 2178 fertur
429 2138 473 2178 in
511 2152 563 2179 ea
596 2152 711 2192 quae
748 2145 894 2180 rectae
928 2140 1088 2180 rationi
1126 2141 1442 2184 adversantur:
1476 2145 1533 2185 de

114 2219 202 2259 quo
225 2205 420 2258 loquitur
446 2206 706 2260 Apostolus,
730 2206 840 2258 Gal„
865 2223 903 2249 V.
933 2218 982 2261 17
1003 2213 1097 2250 :-—“
1117 2209 1231 2251 Caro
1258 2212 1530 2265 concupiscit

114 2275 324 2315 adversus
355 2273 625 2327 spiritum:’'
658 2282 793 2329 atque
830 2277 974 2327 Rom,
1006 2277 1074 2318 vii.
1125 2289 1282 2330 19-24.‚
1316 2279 1360 2320 id
1399 2280 1530 2322 latius

115 2342 320 2383 evolvens
340 2345 431 2383 :—“
449 2342 583 2396 Quod
607 2344 710 2385 nolo
748 2344 929 2395 malum,
954 2345 1038 2387 hoc
1061 2359 1146 2399 ago
1197 2380 1204 2387 .
1267 2378 1275 2386 .
1326 2347 1418 2400 jam
1443 2363 1530 2390 non

155 2464 167 2484 1
192 2463 287 2512 Quae
319 2469 512 2505 sequuntur,
543 2476 563 2496 a
589 2466 684 2507 Gury
716 2467 809 2505 (Part
842 2467 864 2498 i.
898 2478 932 2498 n.
971 2468 1023 2507 14)
1048 2468 1182 2506 tradita,
1218 2468 1284 2499 fere
1315 2469 1359 2500 ad
1390 2471 1529 2502 verbum

113 2518 283 2548 eXSCrIpSl.

154 2551 167 2570 2
191 2551 245 2582 De
260 2555 398 2592 peccato
416 2552 593 2583 materiali
607 2563 645 2584 ac
657 2554 816 2594 formali,
834 2553 904 2585 vid.
924 2554 1020 2593 infra,
1040 2554 1124 2596 Cap,
1141 2563 1176 2595 3.
1192 2565 1221 2586 n.
1245 2562 1318 2595 390.
