1716 2729
155 100 171 129 1
183 91 234 140 58
744 85 978 126 Tractatus
1397 84 1490 139 [GU
1497 95 1573 138 RV,

205 215 302 255 424.
337 202 545 256 Denique
569 207 612 255 3⁰
633 202 856 244 Scotistae
893 206 1266 254 argumentantur
1299 215 1358 241 ex
1395 202 1566 254 obliga-

146 274 270 314 tione
292 271 464 326 peccati
488 271 665 312 externi
682 269 926 311 confitendi
949 268 1071 310 z—Si
1095 274 1219 309 actus
1243 276 1457 310 externus
1480 283 1569 311 non

148 341 282 382 aliam
325 340 510 380 adderet
551 339 783 380 formalem
830 337 1049 378 malitiam
1093 344 1269 390 praeter
1309 351 1408 378 eam
1456 352 1572 391 quae

151 415 331 455 interno
363 412 482 453 actui
505 426 562 452 ex
586 426 633 452 se
655 411 784 459 inest,
808 423 894 449 non
929 416 1046 450 esset
1077 408 1294 460 obligatio
1326 407 1570 449 confitendi

149 482 321 536 peccati
367 481 554 530 externi,
598 481 675 520 sed
727 484 971 532 praecepto
1013 477 1255 519 confitendi
1295 476 1570 518 satisfaceret

149 566 233 606 v.g.
277 551 359 601 fur,
396 550 586 591 dicendo
623 548 900 590 “efficaciter
936 548 1058 589 volui
1093 545 1267 588 furari.'’
1329 546 1473 600 Atqui
1511 561 1569 587 ex

148 619 347 662 unanimi
370 619 464 660 TT.
483 632 700 659 consensu
723 617 907 658 omnino
931 623 1107 658 constat
1130 622 1369 669 praecepto
1394 629 1483 656 non
1507 617 1569 658 sic

148 688 363 730 satisfieri.
387 687 508 740 Ergo
532 693 625 737 etc„
648 684 748 728 etc.l

206 768 304 810 425.
340 758 441 797 Hoc
463 764 614 797 tamen
647 763 977 811 argumentum,
1008 756 1077 796 cui
1111 755 1300 798 multum
1335 755 1567 797 confidunt

150 830 384 877 Scotistae,
425 826 625 880 pluribus
669 826 814 867 modis
857 825 1051 866 diluitur.
1115 825 1176 866 Et
1224 826 1262 864 1⁰
1293 824 1439 865 solent
1471 825 1566 866 TT.

148 911 375 940 recensere
417 895 604 935 rationes
643 896 903 936 extrinsecas
944 900 1126 948 propter
1167 908 1278 947 quas
1321 899 1445 934 actus
1487 908 1565 934 ex-

149 974 300 1008 ternus
351 963 633 1005 confitendus
687 970 768 1014 est,
814 964 895 1003 etsi
948 977 1037 1003 non
1104 962 1269 1003 habeat
1332 962 1565 1003 formalem

150 1036 367 1076 malitiam
391 1048 416 1074 a
439 1033 608 1073 malitia
629 1033 791 1073 interni
815 1039 942 1073 actus
966 1032 1250 1072 distinctam:
1284 1032 1347 1072 sic
1368 1045 1448 1085 v.g.
1473 1031 1564 1071 fieri

150 1110 300 1158 potest
322 1110 371 1144 ut
393 1103 511 1144 actui
535 1108 725 1142 externo
748 1115 926 1142 annexa
949 1102 1005 1141 sit
1028 1101 1279 1151 reservatio,
1300 1115 1564 1143 excommu-

150 1174 315 1214 nicatio
368 1178 444 1213 aut
496 1171 582 1212 alia
627 1185 824 1220 censura,
855 1170 1228 1223 impedimentum
1281 1170 1566 1221 matrimonii,

149 1241 367 1295 obligatio
409 1239 716 1287 restitutionis,
751 1244 829 1280 aut
865 1238 985 1279 aliud
1024 1238 1281 1291 hujusmodi
1320 1240 1442 1291 quod
1475 1252 1565 1279 non

151 1315 415 1351 annectatur
451 1307 570 1349 actui
604 1308 805 1357 intern03
839 1321 1020 1348 necesse
1051 1307 1186 1359 igitur
1222 1313 1289 1348 est
1328 1313 1565 1348 externum

150 1386 299 1421 actum
338 1377 549 1425 confiteri,
587 1383 635 1416 ut
671 1377 812 1430 possit
846 1376 1139 1417 confessarius
1171 1376 1432 1429 dignoscere
1458 1390 1564 1417 num

149 1448 316 1501 aliquid
339 1447 496 1487 horum
520 1445 648 1494 adsit,
669 1445 788 1498 quod
813 1445 897 1485 nisi
920 1450 1174 1498 cognoscat,
1196 1445 1341 1486 officio
1370 1445 1564 1486 doctoris

149 1523 194 1558 et
217 1516 377 1556 medici
400 1513 640 1568 spiritualis
664 1514 789 1566 fungi
812 1513 997 1553 omnino
1019 1526 1108 1553 non
1133 1515 1314 1567 potest.²

207 1585 307 1637 426.
341 1585 528 1636 Insuper
551 1586 595 1622 20
616 1583 884 1636 respondere
912 1581 1070 1631 solent,
1091 1583 1212 1635 quod
1244 1583 1352 1623 satis
1385 1583 1566 1636 quidem

151 1668 209 1695 ex
251 1659 385 1693 antea
421 1652 550 1692 dictis
588 1657 725 1705 patet,
754 1649 834 1691 vix
867 1663 999 1702 posse
1033 1649 1125 1691 fieri
1162 1650 1269 1703 quin
1302 1651 1462 1692 saltem
1485 1658 1571 1703 per

149 1721 351 1770 accidens,
372 1720 514 1761 tribus
547 1719 691 1759 modis
723 1715 966 1771 expositis3,
990 1724 1204 1771 augeatur
1237 1719 1407 1760 malitia
1429 1725 1566 1766 actus,

151 1795 264 1835 adeo
301 1798 350 1833 ut
385 1791 492 1831 satis
529 1789 696 1843 exponi
732 1801 822 1828 non
857 1788 998 1841 possit
1033 1787 1114 1827 nisi
1146 1787 1282 1828 etiam
1316 1787 1565 1828 declaretur

151 1876 245 1904 rem
287 1866 473 1902 externe
514 1864 742 1912 peractam
786 1870 890 1897 esse.
955 1855 1035 1896 Vis
1077 1855 1208 1909 hujus
1251 1856 1565 1910 responsionis,

151 1929 412 1986 praesertim
446 1927 567 1980 quod
599 1926 760 1967 attinet
791 1925 848 1966 ad
881 1931 1165 1978 peccatorum
1199 1938 1446 1975 numerum,
1468 1939 1567 1979 per-

152 1999 363 2054 spicietur
402 1996 575 2049 plenius
618 2008 676 2035 ex
711 1994 763 2035 iis
800 2007 914 2047 quae
951 1993 994 2033 in
1030 1992 1245 2034 Tractatu
1279 1993 1332 2034 de
1373 1993 1568 2036 Peccatis

152 2071 437 2121 exponentur
475 2064 531 2105 de
573 2063 800 2104 numerica
841 2061 1128 2103 distinctione
1169 2067 1457 2115 peccatorum
1501 2062 1565 2103 in-

153 2131 409 2178 ternorum.4

195 2230 205 2249 ¹
222 2230 305 2262 Vid.
322 2239 393 2270 v.g.
408 2228 578 2278 Mastrius,
593 2228 638 2258 In
652 2227 723 2258 Lib.
734 2236 767 2258 2.
782 2227 1040 2265 Sententiarum,
1068 2226 1167 2267 Disp.
1178 2233 1208 2268 5,
1223 2227 1276 2257 Dc
1287 2227 1362 2258 Act.
1374 2226 1561 2265 Humanis,

154 2275 299 2349 Qlssassid.
317 2277 464 2354 {u{i·223.
476 2271 635 2347 Ji‘azflxle
651 2315 804 2346 Bonitate
817 2319 846 2346 el
859 2314 998 2345 Malitia
1013 2314 1160 2345 Acluum
1177 2313 1418 2345 Humanarum
1430 2337 1439 2352 ,
1462 2313 1561 2354 Disp.

156 2369 205 2393 10.
226 2366 308 2393 sect.
326 2361 348 2391 i.
365 2371 400 2392 n.
417 2368 459 2400 93
484 2358 680 2400 Roncaglia‚
706 2359 763 2390 Tr.
799 2358 835 2389 de
856 2357 992 2390 Actibus
1015 2357 1197 2394 Humanis,
1215 2357 1355 2397 Quaest.
1376 2365 1410 2398 3.
1433 2368 1508 2399 cap.
1525 2357 1562 2389 ii.

152 2413 302 2480 Ϊθξρύίὲ.
319 2458 430 2490 supra,
444 2457 501 2479 nn.
516 2446 672 2485 406-409.

198 2490 212 2509 ⁴
223 2492 301 2523 Vid.
318 2492 373 2523 De
389 2492 494 2532 Lugo,
511 2490 565 2521 De
583 2489 794 2520 Sacramenta
821 2487 1059 2526 Poenitentiae,
1089 2488 1188 2529 Disp.
1220 2487 1270 2519 16.
1298 2492 1379 2519 sect.
1407 2487 1471 2519 xiv.
1503 2497 1560 2520 nn.

153 2543 234 2611 ,ἔζη
247 2541 282 2567 et
303 2535 461 2610 xseqlng.
494 2533 700 2575 Alphonsus,
734 2532 808 2564 Lib.
841 2540 872 2564 2.
914 2532 947 2563 T
941 2535 1022 2563 ract.
1056 2532 1094 2563 de
1123 2532 1278 2571 Peccatis,
1305 2542 1339 2562 n.
1367 2540 1427 2571 4ο;
1455 2531 1559 2572 Gury,
