1716 2729
187 102 202 130 1
217 102 268 142 14
769 90 809 130 T
806 96 998 131 metatus
1417 88 1590 138 [GURY‚

180 207 430 247 voluntaria
453 209 499 247 in
520 222 574 256 se,
598 208 722 260 cujus
745 206 1007 259 exemplum
1042 212 1109 246 θεῖ
1131 206 1173 245 in
1198 219 1251 245 eo
1274 206 1349 258 qui
1372 205 1524 246 oculos
1546 204 1591 244 in

181 276 408 329 objectum
430 282 559 330 turpe
580 283 656 317 aut
678 277 720 316 in
755 276 982 316 inimicum
1015 273 1208 327 conjicit,
1230 287 1282 314 eo
1304 273 1455 313 animo
1479 279 1526 313 ut
1548 274 1590 312 in

182 359 229 385 se
279 346 447 385 excitet
505 346 727 386 carnalem
793 343 1136 385 delectationem
1188 349 1263 383 aut
1324 342 1591 383 desiderium

183 414 432 464 vindictae;
464 414 604 455 altero
628 415 690 465 (b)
726 428 815 467 quo
848 420 914 454 est
946 413 1197 453 voluntaria
1229 413 1275 452 in
1305 426 1446 461 causa,
1467 411 1592 464 cujus

184 483 443 536 exemplum
465 490 532 523 est
555 497 692 536 quum
725 483 965 524 vehemens
996 482 1241 522 voluntatis
1264 488 1412 521 motus
1436 482 1593 521 redun-

180 552 263 591 -dat
290 552 333 591 in
368 553 620 605 appetitum
658 552 918 592 sensitivum
938 550 970 601 ;1
993 552 1098 592 item
1137 564 1275 604 quum
1309 551 1409 603 quis
1431 550 1593 591 librum

183 621 226 660 in
259 634 305 661 εθ
346 620 597 670 honestum,
634 635 769 661 causa
810 621 946 660 animi
990 620 1228 668 recreandi,
1262 619 1409 672 legere
1449 619 1595 672 pergit

183 696 421 743 postquam
444 690 635 730 advertit
657 690 749 730 fore
782 697 829 730 ut
867 690 1087 730 desideria
1125 688 1283 741 turpia,
1307 689 1388 728 etsi
1412 688 1596 728 omnino

182 766 358 813 praeter
379 759 687 808 intentionem,
710 760 813 800 inde
835 760 1114 807 excitentur3
1149 758 1257 798 item
1279 771 1417 810 quum
1434 757 1533 809 quis
1550 757 1595 796 in

181 827 333 880 aliquo
370 828 467 868 loco
499 827 759 868 deambulat
791 834 1031 881 postquam
1065 827 1257 867 advertit
1280 826 1372 865 fore
1395 831 1455 875 ut,
1477 826 1511 864 si
1535 825 1593 864 ibi

185 903 375 945 maneat,
397 896 666 936 desiderium
689 897 924 945 vindictae,
949 897 1032 937 etsi
1056 895 1239 936 omnino
1262 900 1437 949 praeter
1459 894 1596 947 ipsius

183 965 490 1015 intentionem,
527 966 706 1005 inimico
748 971 896 1005 tamen
952 964 1130 1005 obviam
1183 964 1222 1004 ei
1264 964 1481 1010 veniente,
1517 977 1594 1003 ex-

183 1034 354 1074 citetur.

244 1180 342 1222 293.
379 1168 713 1225 Principium
736 1168 1187 1221 I.—Concup2'scent2'a
1215 1169 1495 1216 antecedens,
1516 1181 1596 1219 quo

185 1241 327 1294 major
345 1246 406 1280 est
426 1246 467 1279 et
486 1239 782 1286 veliementior,
803 1252 846 1278 eo
876 1238 1017 1291 magis
1035 1237 1263 1278 imminuit
1283 1237 1595 1290 velmztarz'zmz,

183 1317 223 1350 et
243 1310 334 1350 ideo
345 1315 565 1361 peccatum
582 1324 601 1356 ,·
626 1309 766 1357 immo,
788 1308 830 1347 si
844 1307 1120 1360 gravissima
1142 1306 1212 1355 sit,
1235 1320 1262 1347 a
1278 1313 1440 1358 peccato
1458 1313 1598 1359 potest

184 1379 355 1419 omnino
375 1391 587 1418 excusare.

244 1459 340 1501 294.
371 1447 506 1487 Ratio
538 1453 605 1487 est
637 1447 752 1499 quia,
775 1454 822 1486 ut
855 1459 989 1498 supra
1025 1450 1084 1498 (n.
1113 1444 1229 1496 291.)
1252 1445 1457 1492 vidimus,
1482 1444 1597 1497 ejus-

186 1518 306 1557 modi
325 1523 473 1556 motus
496 1516 721 1568 appetitus
745 1515 941 1555 sensitivi
966 1515 1148 1554 rationis
1170 1528 1299 1554 usum
1317 1513 1597 1565 aliquatenus

185 1586 343 1627 saltem
368 1585 610 1638 perturbat.
672 1585 817 1633 Porro,
842 1597 931 1637 quo
962 1585 1104 1636 magis
1139 1583 1382 1635 impeditur
1403 1581 1597 1635 perfecta

188 1654 438 1695 intellectus
475 1654 748 1701 deliberatio,
770 1666 823 1692 eo
856 1653 997 1705 magis
1041 1653 1251 1692 minuitur
1284 1651 1596 1691 voluntarium.

191 1724 389 1776 Ideoque
411 1724 471 1764 sic
494 1723 586 1762 fieri
608 1727 757 1775 potest
780 1727 827 1761 ut
851 1720 1100 1761 intellectus
1135 1720 1340 1773 passione
1361 1719 1597 1759 vehemen-

189 1793 361 1832 tissima
382 1792 444 1831 ita
466 1791 746 1844 perturbetur
769 1796 903 1843 atque
932 1796 1197 1830 excaecetur
1229 1795 1277 1829 ut
1298 1787 1596 1828 voluntarium

185 1862 372 1901 vomnino
393 1860 588 1900 tollatur.

250 1938 343 1982 295.
381 1929 630 1981 Utramque
684 1928 887 1981 principii
952 1933 1126 1980 partem
1192 1926 1253 1966 sic
1305 1925 1502 1965 declarat
1555 1924 1597 1965 S.

191 2000 390 2041 Thomas
409 1996 435 2038 :2
447 2003 525 2027 —“
546 1997 697 2038 Passio
720 1998 989 2049 quandoque
1021 1997 1201 2049 quidem
1225 2001 1292 2034 θεῖ
1314 2000 1454 2042 tanta,
1479 1994 1598 2046 quod

191 2069 389 2110 totaliter
425 2068 566 2108 aufert
608 2080 736 2107 usum
771 2067 963 2115 rationis,
1006 2066 1120 2106 sicut
1168 2069 1293 2117 patet
1330 2064 1373 2103 in
1414 2062 1481 2102 his
1524 2063 1598 2115 qui

192 2148 372 2193 propter
400 2150 596 2177 amorem
629 2135 697 2174 vel
741 2135 850 2175 iram
894 2135 1118 2175 insaniunt
1139 2147 1146 2179 ;
1189 2139 1232 2172 et
1274 2138 1379 2172 tunc
1417 2132 1453 2171 si
1498 2130 1599 2171 talis

192 2208 339 2261 passio
370 2241 377 2247 .
410 2240 417 2246 .
442 2219 527 2245 non
552 2205 681 2246 fucrit
703 2205 954 2246 voluntaria
977 2234 986 2243 .
1018 2234 1027 2242 .
1053 2208 1176 2242 actus
1199 2201 1381 2241 omnino
1404 2200 1601 2240 redditur

191 2275 524 2323 involuntarius‚
567 2281 610 2314 et
652 2289 729 2327 per
780 2285 1056 2326 consequens
1109 2271 1299 2311 totaliter
1347 2284 1373 2310 a
1416 2275 1600 2323 peccato

236 2420 243 2438 ¹
263 2419 340 2449 Vid.
358 2419 449 2458 (ἕω-γ
466 2417 545 2451 (Ed.
568 2414 692 2455 Rom.),
712 2416 801 2445 Part.
820 2414 842 2444 i.
861 2424 892 2444 n.
914 2420 965 2453 15.
984 2418 1076 2444 nota.

234 2463 415 2498 2Summa,
439 2469 467 2491 1.
486 2468 518 2490 2.
537 2459 676 2500 Quaest.
708 2465 759 2497 77.
789 2462 851 2488 art.
882 2463 913 2496 7.
953 2456 1032 2486 Vid.
1063 2457 1195 2493 Suarez,
1233 2456 1288 2486 75».
1321 2455 1359 2485 de
1395 2454 1597 2491 Voluntarm,

193 2507 291 2546 Disp.
309 2515 339 2546 3.
359 2510 436 2536 sect.
457 2504 503 2535 iii.
521 2514 555 2534 n.
573 2502 610 2539 83
639 2503 824 2543 Laymann,
864 2501 940 2531 Lib.
964 2508 989 2530 1.
1011 2505 1106 2531 tract.
1127 2500 1161 2530 ii.
1187 2509 1262 2540 cap.
1282 2509 1314 2529 v.
1333 2509 1366 2529 n.
1387 2506 1428 2537 33
1463 2498 1598 2538 Sporer,

191 2550 305 2580 Traet.
329 2558 355 2580 1.
377 2559 450 2589 cap.
469 2547 502 2578 ii.
521 2557 554 2576 n.
574 2545 627 2585 64.
