1716 2729
167 68 194 108 8
760 65 800 105 T
799 72 989 106 metatus
1388 63 1563 118 [GURY‚

170 181 346 221 homine
374 179 669 234 perficiuntur,
691 182 816 222 aliter
846 187 995 221 tamen
1028 193 1161 233 quam
1194 178 1371 232 speciali
1403 179 1562 231 agendi

170 248 303 288 modo
324 247 574 288 hominibus
596 249 783 302 proprio,
805 263 845 290 n.
869 259 933 300 23.
957 248 1187 302 exposito;
1222 247 1440 300 ejusmodi
1461 253 1563 286 sunt

167 322 291 356 actus
342 315 588 366 infantium,
639 316 964 365 dormientium,
1021 316 1276 365 amentium,
1329 315 1560 363 ebriorum,

168 389 300 436 atque
341 383 527 423 aliorum
568 397 932 436 quorumcunque
968 384 1042 436 qui
1077 384 1257 424 rationis
1290 398 1369 424 usu
1403 383 1561 424 saltem

168 451 379 504 expedito
420 457 597 500 carent;
643 451 749 491 item
803 450 1077 491 indeliberati
1129 457 1252 491 actus
1293 465 1444 491 eorum
1485 451 1561 504 qui

168 518 346 559 rationis
368 531 447 558 usu
470 518 647 571 pollent.

226 665 290 707 27.
313 653 540 698 Divisio.
564 657 708 695 Actus
719 654 939 695 humanus
955 655 1254 708 multipliciter
1265 655 1559 708 distinguitur.

230 724 283 764 1⁰.
316 721 502 762 Elz'citus
531 722 600 763 vel
634 722 876 775 imperatus.
937 722 1129 764 Elicitus
1158 724 1318 764 dicitur
1338 730 1462 764 actus
1483 723 1558 777 qui

166 796 498 832 consummatur
539 791 580 830 in
620 790 716 844 ipsa
752 790 992 840 voluntate,
1029 797 1078 831 ut
1113 797 1235 831 actus
1267 791 1439 841 amoris,
1460 791 1561 841 odii,

169 859 383 899 desiderii.
449 858 690 910 Imperatus
720 858 880 898 dicitur
901 864 1024 899 actus
1045 859 1119 911 qui
1143 859 1387 912 imperante
1408 858 1560 899 volun—

168 933 260 967 tate
300 925 522 979 perficitur
559 926 614 965 ab
650 926 736 966 alia
769 926 981 979 potentia,
1022 926 1090 966 vel
1132 927 1313 975 interna,
1352 933 1400 967 ut
1436 932 1560 967 actus

169 994 404 1046 cogitandi,
426 994 494 1034 vel
527 1000 723 1042 externa,
749 1000 796 1034 ut
817 1000 941 1034 actus
963 994 1394 1035 ambulandi—VM.
1416 1007 1558 1047 supra,

169 1076 237 1101 nn.
278 1070 416 1112 13-15.
479 1061 637 1101 Prioris
670 1062 841 1114 generis
883 1067 1006 1103 actus
1047 1062 1147 1103 ideo
1186 1063 1318 1102 eliciti
1356 1063 1561 1103 dicuntur

168 1129 273 1182 quia
305 1129 536 1169 eliciuntur
555 1130 611 1169 ab
649 1129 744 1182 ipsa
766 1129 1010 1170 voluntate:
1043 1136 1166 1170 actus
1189 1130 1368 1169 alterius
1388 1129 1560 1182 generis

168 1197 374 1237 dicuntur
395 1197 604 1250 imperati,
627 1197 729 1250 quia
765 1197 963 1237 voluntas
998 1211 1083 1246 eOS,
1108 1197 1225 1237 haud
1263 1197 1358 1250 ipsa
1380 1197 1559 1250 quidem

165 1265 293 1312 elicit,
330 1265 511 1317 imperat
544 1279 648 1305 vero
683 1265 739 1305 ab
772 1265 858 1305 alia
893 1264 1114 1314 facultate,
1135 1278 1218 1317 v.g.
1243 1264 1299 1304 ab
1321 1263 1558 1314 intellectu,

165 1331 289 1373 elici.1

225 1404 281 1442 2⁰.
314 1401 518 1440 lutericus
537 1400 605 1440 vel
627 1406 837 1440 externus.
899 1400 1042 1442 Actus
1079 1401 1274 1441 internus
1305 1402 1377 1442 ille
1397 1409 1464 1443 est
1485 1402 1559 1455 qui

166 1476 337 1509 tantum
377 1469 558 1509 internis
594 1468 769 1508 animae
806 1468 1015 1521 potentiis
1051 1469 1283 1522 perficitur,
1306 1469 1447 1522 qualis
1476 1483 1558 1522 v.g.

166 1543 232 1577 est
265 1543 387 1577 actus
409 1536 645 1589 cogitandi.
706 1535 850 1576 Actus
880 1542 1075 1576 externus
1103 1550 1179 1576 seu
1211 1536 1373 1577 mixtus
1401 1536 1474 1577 ille
1493 1543 1559 1578 est

167 1618 296 1657 quem
332 1603 537 1644 voluntas
579 1616 668 1643 non
710 1602 881 1656 perficit
922 1603 1004 1643 nisi
1046 1617 1123 1656 per
1155 1605 1346 1656 corporis
1383 1618 1558 1657 organa,

166 1672 307 1724 qualis
328 1685 407 1724 vg.
432 1677 499 1711 est
521 1676 646 1711 actus
678 1669 1004 1710 ambulandi.-
1016 1670 1159 1711 Actus
1195 1670 1390 1711 internus
1420 1673 1558 1725 speci-

167 1740 275 1779 alius
297 1745 416 1779 actus
439 1738 598 1778 dicitur
617 1751 625 1778 :
658 1743 782 1777 actus
802 1743 998 1777 externus
1018 1738 1177 1779 dicitur
1197 1739 1343 1792 potius
1362 1740 1481 1781 actio.

226 1811 279 1858 3⁰.
311 1807 467 1854 Bonus,
501 1806 653 1855 malus,
695 1804 763 1845 vel
806 1805 1066 1857 indifferens.
1128 1806 1272 1846 Actus
1313 1806 1444 1847 bonus
1482 1820 1558 1848 seu

166 1875 361 1915 honestus
395 1873 555 1913 dicitur
587 1872 659 1913 ille
694 1872 769 1925 qui
806 1873 993 1925 positive
1034 1873 1268 1914 conformis
1301 1880 1367 1914 est
1399 1875 1559 1928 regulis

169 1957 351 1991 morum,
383 1954 469 1993 vg.
502 1946 706 1994 parentes
728 1940 943 1980 honorare
969 1955 978 1991 ;
1009 1941 1160 1990 malus,
1193 1955 1269 1981 seu
1306 1942 1559 1992 inhonestus,

167 2010 241 2062 qui
257 2008 416 2061 regulis
434 2009 589 2049 iisdem
613 2013 841 2060 repugnat,
857 2022 937 2060 vg.
955 2008 1260 2061 blasphemare
1282 2023 1290 2060 ;
1313 2009 1560 2062 indifferens

168 2078 370 2129 denique,
392 2077 467 2129 qui
490 2075 649 2128 regulis
672 2088 842 2115 morum
858 2088 1001 2128 neque
1022 2076 1207 2128 positive
1224 2077 1459 2118 conformis
1481 2085 1560 2125 est,

168 2158 308 2198 neque
330 2151 479 2184 tamen
503 2150 732 2196 repugnat,
753 2156 837 2195 v.g.
861 2143 1101 2184 ambulare.
1155 2143 1224 2184 De
1244 2144 1325 2186 hac
1347 2146 1559 2187 divisione

168 2212 339 2264 longior
360 2211 471 2251 infra
492 2211 651 2250 redibit
672 2208 1045 2252 sermo.²-—Actus
1062 2211 1201 2251 bonus
1219 2218 1295 2252 aut
1311 2213 1559 2255 indifferens

167 2280 327 2320 dicitur
349 2279 482 2319 etiam
505 2277 648 2317 licitus
662 2292 681 2325 ,·
705 2284 827 2318 actus
849 2290 952 2318 vero
973 2277 1128 2328 malus,
1152 2279 1337 2320 illicitus.

210 2437 222 2458 1
245 2438 298 2469 De
327 2438 390 2468 hac
419 2436 583 2468 divisione
614 2437 682 2468 vid.
710 2438 744 2469 S.
760 2437 896 2474 Thom.,
913 2439 1064 2475 Summa,
1091 2448 1118 2470 1.
1136 2448 1168 2471 2.
1186 2441 1321 2481 Quaest.
1342 2449 1400 2483 17;
1425 2443 1555 2481 Suarez,

174 2481 281 2511 Tracl.
297 2482 332 2512 de
355 2481 556 2518 Voluntaria,
576 2481 672 2521 Disp.
693 2488 742 2510 10.

208 2523 221 2543 ²
246 2523 323 2554 Vid.
338 2524 433 2562 infra,
452 2534 523 2564 cap.
542 2530 571 2563 3.
587 2528 648 2554 art.
669 2531 696 2554 1.
720 2524 774 2554 De
786 2524 937 2555 Essentia
954 2525 1168 2564 Moralilalis,
1187 2537 1223 2558 n.
1241 2527 1315 2568 368.
