1716 2729
128 87 180 127 52
714 78 754 118 T
753 85 941 119 metatus
1349 79 1528 134 [GURY‚.

128 192 173 231 in
197 192 371 232 casibus
409 192 459 232 iis
481 192 599 233 haud
632 194 796 246 paucis,
818 194 861 234 in
884 195 1043 248 quibus
1072 196 1403 236 incommodum
1426 209 1525 248 pto-

131 260 311 300 veniens
335 274 392 300 ex
410 274 666 313 aggressore
688 263 943 313 occidendo,
960 277 1048 317 quo
1066 265 1262 317 sequitur
1278 265 1413 317 ipsius
1434 271 1528 304 tum

132 329 326 380 corporis
347 334 442 368 tum
460 329 593 369 etiam
616 330 789 370 animae
812 345 940 380 mors,
957 331 1088 385 longe
1111 338 1348 385 exsuperat
1364 332 1528 371 bonum

135 397 404 449 sperandum
428 411 484 437 ex
516 398 606 438 vita
638 399 815 440 alterius
847 403 1179 451 conservanda;
1211 402 1374 441 etenim
1409 401 1529 448 illud,

134 464 269 505 etiam
294 466 336 504 in
360 465 410 505 iis
434 466 617 516 casibus,
641 468 884 520 prohibere,
907 469 1062 509 “bono
1085 469 1308 509 communi
1332 469 1528 509 maxime

131 532 337 573 nocivum
372 540 499 582 esset,
540 535 642 587 quia
683 536 840 586 sicarii,
875 536 1079 585 latrones,
1117 536 1277 589 aliique
1319 536 1520 577 homines

132 600 270 654 impii,
313 600 520 653 (scientes
563 602 701 643 bonos
744 610 787 644 et
828 604 936 657 pios,
980 618 1065 653 eos,
1108 605 1163 645 ad
1206 605 1343 645 Vitam
1396 605 1531 645 etiam

135 670 383 718 tutandam,
427 683 515 710 non
569 671 803 726 occisuros)
848 671 1105 712 audaciores
1147 672 1313 721 fierent,
1354 679 1397 713 et
1438 679 1532 712 tum

135 737 324 777 familias
347 743 442 777 tum
470 738 611 790 ipsam
646 740 905 780 societatem
929 740 1178 781 homicidiis
1215 747 1258 781 ct
1296 741 1533 781 latrociniis

133 806 378 858 affligerent
401 812 443 846 et
466 806 822 859 perturbarent.''1

199 883 288 926 137.
322 873 475 927 Atque
515 889 537 915 e
566 877 783 917 contrario
815 876 1070 929 saepissime
1102 876 1150 917 fit
1182 884 1241 926 ut,
1265 891 1534 931 quamquam

137 943 253 983 actio
274 943 495 996 quaedam
518 944 563 984 in
595 958 695 984 casu
718 945 985 997 particulari
1013 946 1111 999 plus
1143 945 1246 986 boni
1279 960 1411 999 quam
1435 945 1538 986 mali

136 1011 301 1060 afferat,
327 1017 475 1051 tamen
500 1025 587 1051 non
611 1013 821 1065 expediat
853 1027 948 1053 earn
978 1014 1074 1067 jure
1106 1014 1292 1054 naturali
1314 1013 1444 1063 licere,
1465 1014 1538 1067 qui

140 1093 197 1119 ex
250 1080 332 1120 hac
385 1080 480 1132 ipsa
530 1080 707 1121 licentia
757 1095 977 1131 concessa,
1019 1089 1067 1122 ut
1122 1096 1212 1122 rem
1264 1082 1541 1135 prosequitur

141 1145 439 1205 Haunoldus?
481 1147 616 1200 “plus
659 1149 760 1188 mali
812 1163 943 1202 quam
1001 1150 1104 1190 boni
1160 1156 1423 1203 sequeretur,
1465 1157 1540 1190 aut

137 1215 384 1256 timendum
408 1223 536 1266 esset,
558 1217 601 1256 in
624 1217 777 1257 ordine
799 1218 854 1258 ad
887 1224 1051 1258 statum
1084 1218 1254 1259 felicem
1277 1218 1540 1271 reipublicae

135 1286 364 1327 humanae.
441 1287 512 1328 Sic
534 1301 618 1340 vg.
641 1294 790 1341 posset
820 1289 1073 1342 contingere
1109 1295 1157 1329 ut
1192 1289 1274 1329 levi
1313 1289 1541 1329 mendacio

138 1355 277 1395 hostis
318 1356 492 1408 iniquus
534 1363 803 1396 averteretur
833 1363 876 1398 et
909 1358 1128 1410 integrum
1162 1371 1344 1410 regnum
1368 1370 1540 1397 conser-

140 1429 327 1472 varetur,
351 1430 394 1464 et
417 1438 494 1476 per
526 1438 800 1477 consequens
831 1425 1084 1478 hujusmodi
1117 1426 1395 1465 mendacium
1417 1425 1486 1465 lcz‘c
1504 1431 1543 1464 et

139 1505 253 1531 mmc
273 1491 372 1544 plus
406 1492 508 1532 boni
541 1492 715 1533 afferret
754 1507 887 1546 quam
923 1494 1055 1544 mali;
1093 1499 1137 1534 et
1167 1500 1316 1534 tamen
1347 1493 1430 1533 hoc
1453 1506 1539 1533 non

138 1561 346 1600 obstante
371 1574 457 1601 non
482 1561 583 1601 licet
605 1562 738 1601 etiam
772 1563 814 1601 in
846 1562 923 1602 tali
955 1576 1056 1602 casu
1091 1562 1291 1611 mentiri;
1323 1562 1425 1614 quia
1446 1561 1540 1614 ipsa

139 1628 310 1668 licentia
328 1629 563 1668 mentiendi
576 1630 619 1668 in
643 1643 744 1669 casu
767 1644 855 1682 quo
878 1630 975 1683 plus
992 1631 1278 1670 emolumenti
1295 1635 1541 1683 speraretur

140 1709 198 1735 ex
236 1697 467 1736 mendacio
500 1710 632 1749 quam
676 1697 840 1745 damni,
861 1704 967 1737 esset
1003 1711 1110 1737 [msa
1150 1698 1263 1738 tanti
1303 1697 1470 1747 abusus,
1493 1704 1540 1738 ut

142 1763 285 1803 omnis
338 1765 525 1804 societas
591 1770 634 1804 et
699 1765 941 1805 humanum
1007 1767 1317 1806 commercium
1369 1780 1540 1806 summe

142 1832 399 1881 laederetur,
421 1833 454 1872 si
480 1846 568 1872 non
593 1833 774 1873 omnino
795 1834 1138 1874 dissolveretur.'’

206 1902 282 1950 138
331 1901 492 1940 Iterum
519 1906 665 1954 potest
687 1901 795 1941 haec
817 1902 1016 1942 doctrina
1050 1902 1253 1942 illustrari
1276 1916 1333 1942 ex
1355 1902 1405 1942 iis
1427 1917 1541 1956 quae

142 1968 323 2008 tradunt
351 1968 443 2008 TT.
476 1982 611 2020 quum
644 1970 949 2010 demonstrant
981 1969 1178 2011 illicitum
1211 1984 1305 2011 esse
1336 1971 1538 2012 abortum

141 2049 386 2089 procurare,
411 2037 452 2076 in
476 2037 525 2076 iis
549 2039 680 2077 etiam
704 2038 875 2078 casibus
900 2039 940 2077 in
957 2038 1114 2091 quibus
1137 2039 1382 2079 maximum
1401 2041 1541 2092 quod-

142 2105 208 2144 vis
231 2104 562 2145 incommodum
596 2113 804 2158 sequatur
838 2120 894 2145 ex
933 2120 984 2146 eo
1020 2107 1139 2159 quod
1177 2113 1327 2159 partus
1361 2121 1447 2147 non
1480 2108 1541 2148 ita

144 2173 420 2225 impediatur.
489 2172 561 2214 Sic
579 2188 660 2225 vg.
695 2174 755 2213 ait
788 2174 858 2214 De
889 2174 1033 2227 Lugo³
1052 2177 1143 2213 :——“
1162 2175 1326 2214 Debuit
1359 2176 1540 2216 omnino

186 2302 195 2320 ¹
223 2302 347 2343 Crolly,
366 2302 420 2332 De
433 2302 581 2343 Justz'lz'a
597 2307 626 2332 et
640 2303 741 2343 chre,
759 2303 826 2333 vol.
841 2303 888 2333 iii.
910 2313 943 2333 n.
964 2302 1016 2342 78.
1064 2303 1144 2334 Vid.
1166 2304 1264 2335 etiam
1289 2305 1343 2336 De
1358 2305 1464 2346 Lugo,
1492 2306 1542 2336 De

141 2346 287 2386 Justitia
308 2350 338 2376 et
361 2346 463 2387 Jure,
495 2345 592 2386 Disp.
616 2354 667 2376 10.
686 2351 766 2377 sect.
784 2346 828 2376 vi.
849 2356 882 2376 n.
905 2354 986 2385 142;
1015 2351 1048 2378 et
1075 2347 1235 2385 Camere,
1262 2348 1316 2379 De
1338 2348 1489 2389 Justitz'a
1513 2352 1542 2378 et

141 2389 244 2429 Jure,
266 2389 355 2420 Part.
374 2388 408 2418 ii.
426 2388 487 2418 sub
504 2388 560 2418 fin.
580 2399 610 2419 n.
634 2388 704 2427 786.

186 2439 200 2461 2
223 2432 326 2463 Theol.
343 2431 641 2472 Speculalz'va‚Lib.
663 2441 692 2463 2.
713 2438 805 2463 tract.
836 2433 856 2462 i.
885 2442 954 2473 cap.
982 2438 1011 2473 5.
1029 2438 1178 2464 controv.
1200 2442 1228 2464 1.
1249 2434 1262 2474 ᾧ
1281 2442 1310 2473 9.
1360 2434 1436 2466 Vid.
1455 2435 1537 2465 Car-

143 2476 237 2512 ri'ere,
257 2476 310 2506 Dc
325 2475 488 2516 Justitz'a,
509 2475 598 2505 Part.
617 2475 650 2505 ii.
671 2486 702 2505 n.
721 2483 807 2515 9323
826 2475 978 2512 Lacroix,
999 2475 1073 2506 Lib.
1094 2483 1124 2516 5.
1143 2478 1196 2508 De
1209 2478 1357 2515 Peccatis,
1377 2488 1411 2508 n.
1429 2476 1480 2516 48.

185 2519 198 2537 3
220 2519 328 2549 Tract.
355 2519 394 2549 de
418 2518 565 2558 Juslilia
592 2522 622 2548 et
645 2517 739 2558 Jure,
768 2518 864 2559 Disp.
900 2527 949 2549 10.
969 2525 1049 2550 sect.
1077 2530 1105 2550 v.
1134 2531 1166 2550 n.
1199 2529 1269 2560 131.
1331 2520 1407 2551 Vid.
1439 2522 1538 2552 etiam

143 2561 304 2597 Carriere,
322 2562 374 2592 De
390 2561 541 2602 Justilia‚
559 2561 648 2592 Part.
668 2561 700 2592 ii.
720 2572 752 2593 n.
774 2567 850 2602 755.
