<?xml version="1.0" encoding="UTF-8"?>
<!DOCTYPE html PUBLIC "-//W3C//DTD XHTML 1.0 Transitional//EN"
    "http://www.w3.org/TR/xhtml1/DTD/xhtml1-transitional.dtd">
<html xmlns="http://www.w3.org/1999/xhtml" xml:lang="en" lang="en">
 <head>
  <title>
</title>
<meta http-equiv="Content-Type" content="text/html;charset=utf-8" />
  <meta name='ocr-system' content='tesseract 3.04.00' />
  <meta name='ocr-capabilities' content='ocr_page ocr_carea ocr_par ocr_line ocrx_word'/>
</head>
<body>
  <div class='ocr_page' id='page_1' title='image "./tractatusdeactib00wals_0070.png"; bbox 0 0 1716 2729; ppageno 0'>
   <div class='ocr_carea' id='block_1_1' title="bbox 141 103 1534 158">
    <p class='ocr_par' dir='ltr' id='par_1_1' title="bbox 141 103 1534 158">
     <span class='ocr_line' id='line_1_1' title="bbox 141 103 1534 158; baseline 0.001 -14"><span class='ocrx_word' id='word_1_1' title='bbox 141 113 195 155; x_wconf 87' lang='lat'>54</span> <span class='ocrx_word' id='word_1_2' title='bbox 725 104 950 145; x_wconf 75' lang='lat' dir='ltr'>Tractatus</span> <span class='ocrx_word' id='word_1_3' title='bbox 1359 103 1450 158; x_wconf 90' lang='lat' dir='ltr'>[GU</span> <span class='ocrx_word' id='word_1_4' title='bbox 1459 113 1534 153; x_wconf 68' lang='grc' dir='ltr'>ΚΥ,</span> 
     </span>
    </p>
   </div>
   <div class='ocr_carea' id='block_1_2' title="bbox 137 217 1547 2368">
    <p class='ocr_par' dir='ltr' id='par_1_2' title="bbox 137 217 1538 474">
     <span class='ocr_line' id='line_1_2' title="bbox 138 217 1534 272; baseline 0.001 -15"><span class='ocrx_word' id='word_1_5' title='bbox 138 224 291 272; x_wconf 87' lang='lat' dir='ltr'>gatum</span> <span class='ocrx_word' id='word_1_6' title='bbox 315 217 496 258; x_wconf 85' lang='lat' dir='ltr'>axioma</span> <span class='ocrx_word' id='word_1_7' title='bbox 518 231 575 258; x_wconf 80' lang='lat' dir='ltr'>ex</span> <span class='ocrx_word' id='word_1_8' title='bbox 597 217 821 271; x_wconf 89' lang='lat' dir='ltr'>Apostolo</span> <span class='ocrx_word' id='word_1_9' title='bbox 852 219 1164 272; x_wconf 86' lang='lat' dir='ltr'>depromptum</span> <span class='ocrx_word' id='word_1_10' title='bbox 1199 219 1346 272; x_wconf 88' lang='lat' dir='ltr'>(Rom.</span> <span class='ocrx_word' id='word_1_11' title='bbox 1369 217 1425 258; x_wconf 88' lang='lat' dir='ltr'>iii.</span> <span class='ocrx_word' id='word_1_12' title='bbox 1451 219 1503 269; x_wconf 85' lang='lat'>8.)</span> <span class='ocrx_word' id='word_1_13' title='bbox 1525 231 1534 267; x_wconf 71' lang='grc' dir='ltr'><strong>ζ</strong></span> 
     </span>
     <span class='ocr_line' id='line_1_3' title="bbox 137 285 1538 338; baseline 0.001 -13"><span class='ocrx_word' id='word_1_14' title='bbox 137 285 392 338; x_wconf 74' lang='lat' dir='ltr'>Numquam</span> <span class='ocrx_word' id='word_1_15' title='bbox 427 292 530 325; x_wconf 79' lang='lat' dir='ltr'>smzt</span> <span class='ocrx_word' id='word_1_16' title='bbox 555 286 764 336; x_wconf 74' lang='lat' dir='ltr'>facienda</span> <span class='ocrx_word' id='word_1_17' title='bbox 806 286 934 335; x_wconf 80' lang='lat' dir='ltr'>mala,</span> <span class='ocrx_word' id='word_1_18' title='bbox 951 293 998 326; x_wconf 81' lang='lat' dir='ltr'>nt</span> <span class='ocrx_word' id='word_1_19' title='bbox 1017 287 1215 327; x_wconf 79' lang='lat' dir='ltr'>eveniant</span> <span class='ocrx_word' id='word_1_20' title='bbox 1254 285 1401 326; x_wconf 73' lang='lat' dir='ltr'>bona-&#39;⁹</span> <span class='ocrx_word' id='word_1_21' title='bbox 1465 285 1538 327; x_wconf 86' lang='lat' dir='ltr'>Sic</span> 
     </span>
     <span class='ocr_line' id='line_1_4' title="bbox 139 353 1536 407; baseline 0 -14"><span class='ocrx_word' id='word_1_22' title='bbox 139 353 314 394; x_wconf 86' lang='lat' dir='ltr'>mentiri</span> <span class='ocrx_word' id='word_1_23' title='bbox 356 354 435 394; x_wconf 90' lang='lat' dir='ltr'>tibi</span> <span class='ocrx_word' id='word_1_24' title='bbox 478 367 566 393; x_wconf 94' lang='lat' dir='ltr'>non</span> <span class='ocrx_word' id='word_1_25' title='bbox 611 353 723 403; x_wconf 91' lang='lat' dir='ltr'>licet,</span> <span class='ocrx_word' id='word_1_26' title='bbox 755 368 809 394; x_wconf 94' lang='lat' dir='ltr'>ne</span> <span class='ocrx_word' id='word_1_27' title='bbox 851 355 907 394; x_wconf 90' lang='lat' dir='ltr'>ad</span> <span class='ocrx_word' id='word_1_28' title='bbox 948 355 1084 394; x_wconf 88' lang='lat' dir='ltr'>vitam</span> <span class='ocrx_word' id='word_1_29' title='bbox 1127 355 1305 407; x_wconf 91' lang='lat' dir='ltr'>quidem</span> <span class='ocrx_word' id='word_1_30' title='bbox 1347 353 1536 393; x_wconf 89' lang='lat' dir='ltr'>hominis</span> 
     </span>
     <span class='ocr_line' id='line_1_5' title="bbox 139 420 821 474; baseline -0.001 -12"><span class='ocrx_word' id='word_1_31' title='bbox 139 421 408 462; x_wconf 81' lang='lat' dir='ltr'>salvandam.</span> <span class='ocrx_word' id='word_1_32' title='bbox 474 422 543 461; x_wconf 89' lang='lat' dir='ltr'>Ita</span> <span class='ocrx_word' id='word_1_33' title='bbox 565 435 646 474; x_wconf 87' lang='lat' dir='ltr'>v.g.</span> <span class='ocrx_word' id='word_1_34' title='bbox 667 420 821 474; x_wconf 81' lang='lat' dir='ltr'>Gury.1</span> 
     </span>
    </p>

    <p class='ocr_par' dir='ltr' id='par_1_3' title="bbox 140 489 1544 1220">
     <span class='ocr_line' id='line_1_6' title="bbox 209 489 1542 543; baseline -0.001 -14"><span class='ocrx_word' id='word_1_35' title='bbox 209 500 303 540; x_wconf 84' lang='lat'>143.</span> <span class='ocrx_word' id='word_1_36' title='bbox 341 489 468 529; x_wconf 88' lang='lat' dir='ltr'>Haec</span> <span class='ocrx_word' id='word_1_37' title='bbox 490 495 639 530; x_wconf 91' lang='lat' dir='ltr'>tamen</span> <span class='ocrx_word' id='word_1_38' title='bbox 673 490 734 530; x_wconf 91' lang='lat' dir='ltr'>sic</span> <span class='ocrx_word' id='word_1_39' title='bbox 766 489 938 542; x_wconf 88' lang='lat' dir='ltr'>prolata</span> <span class='ocrx_word' id='word_1_40' title='bbox 972 489 1117 530; x_wconf 90' lang='lat' dir='ltr'>mirari</span> <span class='ocrx_word' id='word_1_41' title='bbox 1151 490 1248 543; x_wconf 90' lang='lat' dir='ltr'>quis</span> <span class='ocrx_word' id='word_1_42' title='bbox 1284 489 1446 543; x_wconf 84' lang='lat' dir='ltr'>poterit</span> <span class='ocrx_word' id='word_1_43' title='bbox 1468 489 1542 543; x_wconf 90' lang='lat' dir='ltr'>qui</span> 
     </span>
     <span class='ocr_line' id='line_1_7' title="bbox 141 557 1539 599; baseline 0.001 -3"><span class='ocrx_word' id='word_1_44' title='bbox 141 557 501 598; x_wconf 87' lang='lat' dir='ltr'>animadverterit</span> <span class='ocrx_word' id='word_1_45' title='bbox 536 558 836 597; x_wconf 85' lang='lat' dir='ltr'>conditionem</span> <span class='ocrx_word' id='word_1_46' title='bbox 879 557 1010 597; x_wconf 88' lang='lat' dir='ltr'>istam</span> <span class='ocrx_word' id='word_1_47' title='bbox 1052 559 1232 598; x_wconf 86' lang='lat' dir='ltr'>omnino</span> <span class='ocrx_word' id='word_1_48' title='bbox 1268 558 1455 599; x_wconf 87' lang='lat' dir='ltr'>deficere</span> <span class='ocrx_word' id='word_1_49' title='bbox 1496 558 1539 598; x_wconf 89' lang='lat' dir='ltr'>in</span> 
     </span>
     <span class='ocr_line' id='line_1_8' title="bbox 140 624 1538 677; baseline 0.001 -13"><span class='ocrx_word' id='word_1_50' title='bbox 140 624 312 664; x_wconf 79' lang='lat' dir='ltr'>casibus</span> <span class='ocrx_word' id='word_1_51' title='bbox 354 624 471 664; x_wconf 90' lang='lat' dir='ltr'>haud</span> <span class='ocrx_word' id='word_1_52' title='bbox 508 625 659 677; x_wconf 77' lang='lat' dir='ltr'>paucis</span> <span class='ocrx_word' id='word_1_53' title='bbox 692 625 734 664; x_wconf 86' lang='lat' dir='ltr'>in</span> <span class='ocrx_word' id='word_1_54' title='bbox 773 624 931 677; x_wconf 89' lang='lat' dir='ltr'>quibus</span> <span class='ocrx_word' id='word_1_55' title='bbox 963 624 1258 674; x_wconf 82' lang='lat' dir='ltr'>nihilominus,</span> <span class='ocrx_word' id='word_1_56' title='bbox 1294 626 1538 666; x_wconf 87' lang='lat' dir='ltr'>secundum</span> 
     </span>
     <span class='ocr_line' id='line_1_9' title="bbox 140 693 1542 747; baseline 0.001 -14"><span class='ocrx_word' id='word_1_57' title='bbox 140 693 313 733; x_wconf 91' lang='lat' dir='ltr'>illorum</span> <span class='ocrx_word' id='word_1_58' title='bbox 337 693 470 733; x_wconf 89' lang='lat' dir='ltr'>etiam</span> <span class='ocrx_word' id='word_1_59' title='bbox 493 693 588 732; x_wconf 90' lang='lat' dir='ltr'>TT.</span> <span class='ocrx_word' id='word_1_60' title='bbox 610 694 888 742; x_wconf 77' lang='lat' dir='ltr'>sententiam,</span> <span class='ocrx_word' id='word_1_61' title='bbox 911 707 1087 733; x_wconf 88' lang='lat' dir='ltr'>causam</span> <span class='ocrx_word' id='word_1_62' title='bbox 1112 694 1339 747; x_wconf 90' lang='lat' dir='ltr'>utriusque</span> <span class='ocrx_word' id='word_1_63' title='bbox 1361 693 1542 734; x_wconf 87' lang='lat' dir='ltr'>effectus</span> 
     </span>
     <span class='ocr_line' id='line_1_10' title="bbox 144 761 1543 814; baseline 0 -13"><span class='ocrx_word' id='word_1_64' title='bbox 144 775 307 814; x_wconf 91' lang='lat' dir='ltr'>ponere</span> <span class='ocrx_word' id='word_1_65' title='bbox 324 762 505 801; x_wconf 91' lang='lat' dir='ltr'>omnino</span> <span class='ocrx_word' id='word_1_66' title='bbox 523 761 661 801; x_wconf 90' lang='lat' dir='ltr'>liceat.</span> <span class='ocrx_word' id='word_1_67' title='bbox 712 761 780 802; x_wconf 86' lang='lat' dir='ltr'>Sit</span> <span class='ocrx_word' id='word_1_68' title='bbox 796 761 1051 814; x_wconf 79' lang='lat' dir='ltr'>exemplum</span> <span class='ocrx_word' id='word_1_69' title='bbox 1070 761 1183 801; x_wconf 90' lang='lat' dir='ltr'>illius</span> <span class='ocrx_word' id='word_1_70' title='bbox 1201 761 1287 814; x_wconf 90' lang='lat' dir='ltr'>qui,</span> <span class='ocrx_word' id='word_1_71' title='bbox 1305 775 1440 814; x_wconf 92' lang='lat' dir='ltr'>quum</span> <span class='ocrx_word' id='word_1_72' title='bbox 1457 761 1543 802; x_wconf 89' lang='lat' dir='ltr'>alia</span> 
     </span>
     <span class='ocr_line' id='line_1_11' title="bbox 145 829 1544 882; baseline -0.001 -12"><span class='ocrx_word' id='word_1_73' title='bbox 145 844 192 870; x_wconf 93' lang='lat' dir='ltr'>se</span> <span class='ocrx_word' id='word_1_74' title='bbox 214 829 366 869; x_wconf 89' lang='lat' dir='ltr'>tuendi</span> <span class='ocrx_word' id='word_1_75' title='bbox 397 829 543 868; x_wconf 89' lang='lat' dir='ltr'>media</span> <span class='ocrx_word' id='word_1_76' title='bbox 565 829 724 878; x_wconf 83' lang='lat' dir='ltr'>desint,</span> <span class='ocrx_word' id='word_1_77' title='bbox 745 829 953 881; x_wconf 80' lang='lat' dir='ltr'>glandem</span> <span class='ocrx_word' id='word_1_78' title='bbox 989 829 1031 868; x_wconf 90' lang='lat' dir='ltr'>in</span> <span class='ocrx_word' id='word_1_79' title='bbox 1069 829 1280 881; x_wconf 90' lang='lat' dir='ltr'>injustum</span> <span class='ocrx_word' id='word_1_80' title='bbox 1317 830 1433 870; x_wconf 89' lang='lat' dir='ltr'>vitae</span> <span class='ocrx_word' id='word_1_81' title='bbox 1469 842 1544 882; x_wconf 87' lang='lat' dir='ltr'>ag-</span> 
     </span>
     <span class='ocr_line' id='line_1_12' title="bbox 148 895 1542 949; baseline 0.001 -14"><span class='ocrx_word' id='word_1_82' title='bbox 148 909 392 949; x_wconf 89' lang='lat' dir='ltr'>gressorem</span> <span class='ocrx_word' id='word_1_83' title='bbox 416 909 473 935; x_wconf 80' lang='lat' dir='ltr'>ex</span> <span class='ocrx_word' id='word_1_84' title='bbox 505 895 703 949; x_wconf 86' lang='lat' dir='ltr'>sclopeto</span> <span class='ocrx_word' id='word_1_85' title='bbox 724 897 912 945; x_wconf 88' lang='lat' dir='ltr'>emittat,</span> <span class='ocrx_word' id='word_1_86' title='bbox 935 902 983 937; x_wconf 93' lang='lat' dir='ltr'>ut</span> <span class='ocrx_word' id='word_1_87' title='bbox 1011 897 1134 937; x_wconf 90' lang='lat' dir='ltr'>illum</span> <span class='ocrx_word' id='word_1_88' title='bbox 1154 898 1395 939; x_wconf 89' lang='lat' dir='ltr'>occidendo</span> <span class='ocrx_word' id='word_1_89' title='bbox 1416 911 1542 938; x_wconf 88' lang='lat' dir='ltr'>suam</span> 
     </span>
     <span class='ocr_line' id='line_1_13' title="bbox 140 965 1542 1017; baseline 0 -12"><span class='ocrx_word' id='word_1_90' title='bbox 140 966 278 1005; x_wconf 82' lang='lat' dir='ltr'>vitam</span> <span class='ocrx_word' id='word_1_91' title='bbox 321 970 578 1004; x_wconf 87' lang='lat' dir='ltr'>conservet:</span> <span class='ocrx_word' id='word_1_92' title='bbox 631 965 675 1004; x_wconf 92' lang='lat' dir='ltr'>id</span> <span class='ocrx_word' id='word_1_93' title='bbox 717 965 896 1017; x_wconf 90' lang='lat' dir='ltr'>quidem</span> <span class='ocrx_word' id='word_1_94' title='bbox 951 965 1079 1005; x_wconf 92' lang='lat' dir='ltr'>licere</span> <span class='ocrx_word' id='word_1_95' title='bbox 1120 965 1301 1005; x_wconf 90' lang='lat' dir='ltr'>omnino</span> <span class='ocrx_word' id='word_1_96' title='bbox 1342 971 1542 1015; x_wconf 88' lang='lat' dir='ltr'>constat;</span> 
     </span>
     <span class='ocr_line' id='line_1_14' title="bbox 143 1032 1540 1085; baseline 0 -12"><span class='ocrx_word' id='word_1_97' title='bbox 143 1046 287 1085; x_wconf 92' lang='lat' dir='ltr'>neque</span> <span class='ocrx_word' id='word_1_98' title='bbox 317 1039 468 1072; x_wconf 90' lang='lat' dir='ltr'>tamen</span> <span class='ocrx_word' id='word_1_99' title='bbox 510 1032 653 1073; x_wconf 92' lang='lat' dir='ltr'>bonus</span> <span class='ocrx_word' id='word_1_100' title='bbox 689 1032 821 1085; x_wconf 86' lang='lat' dir='ltr'>hujus</span> <span class='ocrx_word' id='word_1_101' title='bbox 862 1034 1047 1074; x_wconf 89' lang='lat' dir='ltr'>actionis</span> <span class='ocrx_word' id='word_1_102' title='bbox 1090 1033 1283 1082; x_wconf 86' lang='lat' dir='ltr'>effectus,</span> <span class='ocrx_word' id='word_1_103' title='bbox 1320 1039 1366 1074; x_wconf 91' lang='lat' dir='ltr'>ut</span> <span class='ocrx_word' id='word_1_104' title='bbox 1402 1033 1540 1073; x_wconf 90' lang='lat' dir='ltr'>vitam</span> 
     </span>
     <span class='ocr_line' id='line_1_15' title="bbox 145 1101 1540 1153; baseline 0.001 -13"><span class='ocrx_word' id='word_1_105' title='bbox 145 1114 305 1153; x_wconf 87' lang='lat' dir='ltr'>nempe</span> <span class='ocrx_word' id='word_1_106' title='bbox 327 1113 453 1139; x_wconf 85' lang='lat' dir='ltr'>suam</span> <span class='ocrx_word' id='word_1_107' title='bbox 490 1106 734 1149; x_wconf 83' lang='lat' dir='ltr'>conservet,</span> <span class='ocrx_word' id='word_1_108' title='bbox 755 1101 978 1142; x_wconf 86' lang='lat' dir='ltr'>obtinetur</span> <span class='ocrx_word' id='word_1_109' title='bbox 1011 1101 1093 1141; x_wconf 90' lang='lat' dir='ltr'>nisi</span> <span class='ocrx_word' id='word_1_110' title='bbox 1125 1101 1349 1142; x_wconf 81' lang='lat' dir='ltr'>mediante</span> <span class='ocrx_word' id='word_1_111' title='bbox 1380 1101 1540 1143; x_wconf 81' lang='lat' dir='ltr'>effectu</span> 
     </span>
     <span class='ocr_line' id='line_1_16' title="bbox 145 1168 916 1220; baseline 0.001 -13"><span class='ocrx_word' id='word_1_112' title='bbox 145 1168 275 1217; x_wconf 91' lang='lat' dir='ltr'>malo,</span> <span class='ocrx_word' id='word_1_113' title='bbox 298 1168 341 1207; x_wconf 92' lang='lat' dir='ltr'>id</span> <span class='ocrx_word' id='word_1_114' title='bbox 364 1173 444 1216; x_wconf 87' lang='lat' dir='ltr'>est,</span> <span class='ocrx_word' id='word_1_115' title='bbox 470 1174 611 1207; x_wconf 89' lang='lat' dir='ltr'>morte</span> <span class='ocrx_word' id='word_1_116' title='bbox 634 1170 916 1220; x_wconf 88' lang='lat' dir='ltr'>aggressoris.</span> 
     </span>
    </p>

    <p class='ocr_par' dir='ltr' id='par_1_4' title="bbox 141 1235 1547 2233">
     <span class='ocr_line' id='line_1_17' title="bbox 206 1235 1544 1290; baseline 0.002 -16"><span class='ocrx_word' id='word_1_117' title='bbox 206 1248 296 1286; x_wconf 81' lang='lat'>144.</span> <span class='ocrx_word' id='word_1_118' title='bbox 331 1235 390 1275; x_wconf 86' lang='lat' dir='ltr'>Et</span> <span class='ocrx_word' id='word_1_119' title='bbox 425 1236 603 1288; x_wconf 89' lang='lat' dir='ltr'>quidem</span> <span class='ocrx_word' id='word_1_120' title='bbox 638 1237 832 1277; x_wconf 86' lang='lat' dir='ltr'>conditio</span> <span class='ocrx_word' id='word_1_121' title='bbox 869 1237 952 1277; x_wconf 90' lang='lat' dir='ltr'>ista</span> <span class='ocrx_word' id='word_1_122' title='bbox 986 1237 1127 1289; x_wconf 86' lang='lat' dir='ltr'>reipsa</span> <span class='ocrx_word' id='word_1_123' title='bbox 1166 1237 1300 1290; x_wconf 87' lang='lat' dir='ltr'>gratis</span> <span class='ocrx_word' id='word_1_124' title='bbox 1337 1237 1544 1289; x_wconf 81' lang='lat' dir='ltr'>exigitur.</span> 
     </span>
     <span class='ocr_line' id='line_1_18' title="bbox 143 1302 1546 1357; baseline 0.001 -15"><span class='ocrx_word' id='word_1_125' title='bbox 143 1302 275 1356; x_wconf 75' lang='lat' dir='ltr'>Quod</span> <span class='ocrx_word' id='word_1_126' title='bbox 310 1303 427 1342; x_wconf 88' lang='lat' dir='ltr'>enim</span> <span class='ocrx_word' id='word_1_127' title='bbox 461 1304 621 1343; x_wconf 90' lang='lat' dir='ltr'>attinet</span> <span class='ocrx_word' id='word_1_128' title='bbox 672 1305 728 1344; x_wconf 90' lang='lat' dir='ltr'>ad</span> <span class='ocrx_word' id='word_1_129' title='bbox 779 1304 1024 1344; x_wconf 82' lang='lat' dir='ltr'>doctrinam</span> <span class='ocrx_word' id='word_1_130' title='bbox 1068 1303 1288 1357; x_wconf 85' lang='lat' dir='ltr'>Apostoli,</span> <span class='ocrx_word' id='word_1_131' title='bbox 1310 1310 1444 1357; x_wconf 90' lang='lat' dir='ltr'>atque</span> <span class='ocrx_word' id='word_1_132' title='bbox 1489 1304 1546 1344; x_wconf 86' lang='lat' dir='ltr'>ad</span> 
     </span>
     <span class='ocr_line' id='line_1_19' title="bbox 141 1371 1547 1426; baseline 0.001 -16"><span class='ocrx_word' id='word_1_133' title='bbox 141 1371 319 1410; x_wconf 79' lang='lat' dir='ltr'>axioma</span> <span class='ocrx_word' id='word_1_134' title='bbox 352 1384 408 1410; x_wconf 84' lang='lat' dir='ltr'>ex</span> <span class='ocrx_word' id='word_1_135' title='bbox 454 1384 505 1410; x_wconf 91' lang='lat' dir='ltr'>ea</span> <span class='ocrx_word' id='word_1_136' title='bbox 551 1372 878 1424; x_wconf 89' lang='lat' dir='ltr'>depromptum,</span> <span class='ocrx_word' id='word_1_137' title='bbox 929 1372 1036 1412; x_wconf 89' lang='lat' dir='ltr'>haec</span> <span class='ocrx_word' id='word_1_138' title='bbox 1078 1372 1258 1424; x_wconf 90' lang='lat' dir='ltr'>quidem</span> <span class='ocrx_word' id='word_1_139' title='bbox 1309 1372 1547 1426; x_wconf 91' lang='lat' dir='ltr'>respiciunt</span> 
     </span>
     <span class='ocr_line' id='line_1_20' title="bbox 142 1439 1546 1492; baseline 0.001 -15"><span class='ocrx_word' id='word_1_140' title='bbox 142 1444 317 1478; x_wconf 82' lang='lat' dir='ltr'>tantum</span> <span class='ocrx_word' id='word_1_141' title='bbox 341 1452 415 1478; x_wconf 90' lang='lat' dir='ltr'>eos</span> <span class='ocrx_word' id='word_1_142' title='bbox 437 1439 510 1490; x_wconf 89' lang='lat' dir='ltr'>qui</span> <span class='ocrx_word' id='word_1_143' title='bbox 544 1439 706 1479; x_wconf 74' lang='lat' dir='ltr'>malum</span> <span class='ocrx_word' id='word_1_144' title='bbox 740 1439 919 1492; x_wconf 77' lang='lat' dir='ltr'>aliquod</span> <span class='ocrx_word' id='word_1_145' title='bbox 945 1440 1104 1480; x_wconf 74' lang='lat' dir='ltr'>morale</span> <span class='ocrx_word' id='word_1_146' title='bbox 1140 1439 1304 1480; x_wconf 87' lang='lat' dir='ltr'>faciunt</span> <span class='ocrx_word' id='word_1_147' title='bbox 1340 1453 1428 1489; x_wconf 86' lang='lat' dir='ltr'>seu,</span> <span class='ocrx_word' id='word_1_148' title='bbox 1450 1439 1546 1479; x_wconf 91' lang='lat' dir='ltr'>aliis</span> 
     </span>
     <span class='ocr_line' id='line_1_21' title="bbox 145 1506 1544 1559; baseline 0.001 -14"><span class='ocrx_word' id='word_1_149' title='bbox 145 1506 301 1555; x_wconf 90' lang='lat' dir='ltr'>verbis,</span> <span class='ocrx_word' id='word_1_150' title='bbox 321 1513 505 1558; x_wconf 74' lang='lat' dir='ltr'>peccant,</span> <span class='ocrx_word' id='word_1_151' title='bbox 528 1514 707 1559; x_wconf 83' lang='lat' dir='ltr'>propter</span> <span class='ocrx_word' id='word_1_152' title='bbox 737 1507 903 1547; x_wconf 85' lang='lat' dir='ltr'>bonum</span> <span class='ocrx_word' id='word_1_153' title='bbox 945 1514 1222 1547; x_wconf 85' lang='lat' dir='ltr'>secuturum:</span> <span class='ocrx_word' id='word_1_154' title='bbox 1253 1508 1365 1546; x_wconf 88' lang='lat' dir='ltr'>sicut</span> <span class='ocrx_word' id='word_1_155' title='bbox 1395 1521 1477 1559; x_wconf 86' lang='lat' dir='ltr'>v.g.</span> <span class='ocrx_word' id='word_1_156' title='bbox 1502 1507 1544 1546; x_wconf 90' lang='lat' dir='ltr'>in</span> 
     </span>
     <span class='ocr_line' id='line_1_22' title="bbox 143 1572 1545 1626; baseline 0.003 -13"><span class='ocrx_word' id='word_1_157' title='bbox 143 1573 352 1625; x_wconf 85' lang='lat' dir='ltr'>exemplo</span> <span class='ocrx_word' id='word_1_158' title='bbox 375 1587 400 1613; x_wconf 84' lang='lat' dir='ltr'>a</span> <span class='ocrx_word' id='word_1_159' title='bbox 423 1572 545 1625; x_wconf 89' lang='lat' dir='ltr'>Gury</span> <span class='ocrx_word' id='word_1_160' title='bbox 567 1573 710 1613; x_wconf 88' lang='lat' dir='ltr'>allato.</span> <span class='ocrx_word' id='word_1_161' title='bbox 775 1574 933 1626; x_wconf 92' lang='lat' dir='ltr'>Itaque</span> <span class='ocrx_word' id='word_1_162' title='bbox 962 1581 1085 1626; x_wconf 86' lang='lat' dir='ltr'>patet</span> <span class='ocrx_word' id='word_1_163' title='bbox 1107 1580 1415 1626; x_wconf 82' lang='lat' dir='ltr'>argumentum</span> <span class='ocrx_word' id='word_1_164' title='bbox 1438 1576 1545 1617; x_wconf 90' lang='lat' dir='ltr'>illud</span> 
     </span>
     <span class='ocr_line' id='line_1_23' title="bbox 141 1640 1546 1694; baseline 0.002 -13"><span class='ocrx_word' id='word_1_165' title='bbox 141 1640 212 1681; x_wconf 92' lang='lat' dir='ltr'>hic</span> <span class='ocrx_word' id='word_1_166' title='bbox 231 1641 373 1680; x_wconf 84' lang='lat' dir='ltr'>afferri</span> <span class='ocrx_word' id='word_1_167' title='bbox 396 1642 576 1679; x_wconf 88' lang='lat' dir='ltr'>omnino</span> <span class='ocrx_word' id='word_1_168' title='bbox 599 1647 727 1680; x_wconf 79' lang='lat' dir='ltr'>extra</span> <span class='ocrx_word' id='word_1_169' title='bbox 749 1654 837 1680; x_wconf 87' lang='lat' dir='ltr'>rem</span> <span class='ocrx_word' id='word_1_170' title='bbox 857 1654 866 1689; x_wconf 88' lang='lat'>;</span> <span class='ocrx_word' id='word_1_171' title='bbox 889 1640 995 1680; x_wconf 83' lang='lat' dir='ltr'>haec</span> <span class='ocrx_word' id='word_1_172' title='bbox 1018 1641 1132 1680; x_wconf 86' lang='lat' dir='ltr'>enim</span> <span class='ocrx_word' id='word_1_173' title='bbox 1152 1642 1246 1693; x_wconf 88' lang='lat' dir='ltr'>ipsa</span> <span class='ocrx_word' id='word_1_174' title='bbox 1264 1647 1329 1681; x_wconf 88' lang='lat' dir='ltr'>est</span> <span class='ocrx_word' id='word_1_175' title='bbox 1345 1645 1546 1694; x_wconf 83' lang='lat' dir='ltr'>quaestio</span> 
     </span>
     <span class='ocr_line' id='line_1_24' title="bbox 143 1707 1547 1760; baseline 0.003 -13"><span class='ocrx_word' id='word_1_176' title='bbox 143 1708 213 1747; x_wconf 93' lang='lat' dir='ltr'>hic</span> <span class='ocrx_word' id='word_1_177' title='bbox 236 1707 458 1756; x_wconf 88' lang='lat' dir='ltr'>solvenda,</span> <span class='ocrx_word' id='word_1_178' title='bbox 481 1721 552 1756; x_wconf 81' lang='lat' dir='ltr'>an,</span> <span class='ocrx_word' id='word_1_179' title='bbox 576 1714 619 1748; x_wconf 91' lang='lat' dir='ltr'>et</span> <span class='ocrx_word' id='word_1_180' title='bbox 642 1714 871 1759; x_wconf 85' lang='lat' dir='ltr'>quatenus,</span> <span class='ocrx_word' id='word_1_181' title='bbox 894 1714 1026 1759; x_wconf 70' lang='lat' dir='ltr'>peccet</span> <span class='ocrx_word' id='word_1_182' title='bbox 1048 1708 1118 1748; x_wconf 92' lang='lat' dir='ltr'>ille</span> <span class='ocrx_word' id='word_1_183' title='bbox 1140 1709 1212 1760; x_wconf 89' lang='lat' dir='ltr'>qui</span> <span class='ocrx_word' id='word_1_184' title='bbox 1236 1723 1412 1750; x_wconf 88' lang='lat' dir='ltr'>causam</span> <span class='ocrx_word' id='word_1_185' title='bbox 1437 1711 1480 1750; x_wconf 92' lang='lat' dir='ltr'>in</span> <span class='ocrx_word' id='word_1_186' title='bbox 1500 1725 1547 1752; x_wconf 91' lang='lat' dir='ltr'>se</span> 
     </span>
     <span class='ocr_line' id='line_1_25' title="bbox 143 1774 1546 1830; baseline 0.003 -16"><span class='ocrx_word' id='word_1_187' title='bbox 143 1774 308 1814; x_wconf 90' lang='lat' dir='ltr'>licitam</span> <span class='ocrx_word' id='word_1_188' title='bbox 341 1781 489 1827; x_wconf 89' lang='lat' dir='ltr'>ponat,</span> <span class='ocrx_word' id='word_1_189' title='bbox 511 1788 568 1814; x_wconf 82' lang='lat' dir='ltr'>ex</span> <span class='ocrx_word' id='word_1_190' title='bbox 601 1789 688 1828; x_wconf 89' lang='lat' dir='ltr'>qua</span> <span class='ocrx_word' id='word_1_191' title='bbox 720 1775 861 1815; x_wconf 88' lang='lat' dir='ltr'>malus</span> <span class='ocrx_word' id='word_1_192' title='bbox 892 1776 1071 1815; x_wconf 86' lang='lat' dir='ltr'>effectus</span> <span class='ocrx_word' id='word_1_193' title='bbox 1103 1782 1319 1828; x_wconf 84' lang='lat' dir='ltr'>sequatur.</span> <span class='ocrx_word' id='word_1_194' title='bbox 1392 1777 1546 1830; x_wconf 88' lang='lat' dir='ltr'>Atque</span> 
     </span>
     <span class='ocr_line' id='line_1_26' title="bbox 143 1842 1544 1897; baseline 0.004 -16"><span class='ocrx_word' id='word_1_195' title='bbox 143 1842 274 1895; x_wconf 92' lang='lat' dir='ltr'>plane</span> <span class='ocrx_word' id='word_1_196' title='bbox 296 1856 354 1881; x_wconf 86' lang='lat' dir='ltr'>ex</span> <span class='ocrx_word' id='word_1_197' title='bbox 390 1842 519 1882; x_wconf 89' lang='lat' dir='ltr'>dictis</span> <span class='ocrx_word' id='word_1_198' title='bbox 553 1849 728 1883; x_wconf 92' lang='lat' dir='ltr'>constat</span> <span class='ocrx_word' id='word_1_199' title='bbox 764 1843 807 1883; x_wconf 92' lang='lat' dir='ltr'>id</span> <span class='ocrx_word' id='word_1_200' title='bbox 846 1856 933 1882; x_wconf 91' lang='lat' dir='ltr'>non</span> <span class='ocrx_word' id='word_1_201' title='bbox 970 1856 1143 1896; x_wconf 88' lang='lat' dir='ltr'>semper</span> <span class='ocrx_word' id='word_1_202' title='bbox 1178 1857 1273 1883; x_wconf 91' lang='lat' dir='ltr'>esse</span> <span class='ocrx_word' id='word_1_203' title='bbox 1300 1851 1544 1897; x_wconf 88' lang='lat' dir='ltr'>peccatum.</span> 
     </span>
     <span class='ocr_line' id='line_1_27' title="bbox 146 1908 1543 1963; baseline 0.004 -14"><span class='ocrx_word' id='word_1_204' title='bbox 146 1908 220 1950; x_wconf 86' lang='lat' dir='ltr'>Sic</span> <span class='ocrx_word' id='word_1_205' title='bbox 241 1923 339 1962; x_wconf 86' lang='lat' dir='ltr'>v.g.,</span> <span class='ocrx_word' id='word_1_206' title='bbox 360 1915 409 1950; x_wconf 92' lang='lat' dir='ltr'>ut</span> <span class='ocrx_word' id='word_1_207' title='bbox 440 1910 648 1963; x_wconf 85' lang='lat' dir='ltr'>exemplo</span> <span class='ocrx_word' id='word_1_208' title='bbox 680 1916 810 1950; x_wconf 87' lang='lat' dir='ltr'>antea</span> <span class='ocrx_word' id='word_1_209' title='bbox 840 1909 974 1949; x_wconf 86' lang='lat' dir='ltr'>allato</span> <span class='ocrx_word' id='word_1_210' title='bbox 1005 1916 1114 1959; x_wconf 92' lang='lat' dir='ltr'>utar,</span> <span class='ocrx_word' id='word_1_211' title='bbox 1136 1912 1358 1952; x_wconf 83' lang='lat' dir='ltr'>moraliter</span> <span class='ocrx_word' id='word_1_212' title='bbox 1378 1913 1543 1954; x_wconf 90' lang='lat' dir='ltr'>malum</span> 
     </span>
     <span class='ocr_line' id='line_1_28' title="bbox 143 1978 1543 2032; baseline 0.003 -15"><span class='ocrx_word' id='word_1_213' title='bbox 143 1990 220 2017; x_wconf 88' lang='lat' dir='ltr'>seu</span> <span class='ocrx_word' id='word_1_214' title='bbox 243 1983 473 2030; x_wconf 87' lang='lat' dir='ltr'>peccatum</span> <span class='ocrx_word' id='word_1_215' title='bbox 497 1991 584 2017; x_wconf 91' lang='lat' dir='ltr'>non</span> <span class='ocrx_word' id='word_1_216' title='bbox 623 1984 688 2018; x_wconf 91' lang='lat' dir='ltr'>est</span> <span class='ocrx_word' id='word_1_217' title='bbox 720 1978 927 2031; x_wconf 83' lang='lat' dir='ltr'>glandem</span> <span class='ocrx_word' id='word_1_218' title='bbox 960 1993 1017 2020; x_wconf 82' lang='lat' dir='ltr'>ex</span> <span class='ocrx_word' id='word_1_219' title='bbox 1049 1979 1247 2032; x_wconf 89' lang='lat' dir='ltr'>sclopeto</span> <span class='ocrx_word' id='word_1_220' title='bbox 1279 1981 1478 2020; x_wconf 82' lang='lat' dir='ltr'>emittere</span> <span class='ocrx_word' id='word_1_221' title='bbox 1501 1982 1543 2021; x_wconf 92' lang='lat' dir='ltr'>in</span> 
     </span>
     <span class='ocr_line' id='line_1_29' title="bbox 143 2044 1544 2101; baseline 0.004 -18"><span class='ocrx_word' id='word_1_222' title='bbox 143 2044 357 2096; x_wconf 88' lang='lat' dir='ltr'>injustum</span> <span class='ocrx_word' id='word_1_223' title='bbox 380 2045 496 2084; x_wconf 89' lang='lat' dir='ltr'>vitae</span> <span class='ocrx_word' id='word_1_224' title='bbox 521 2059 822 2098; x_wconf 87' lang='lat' dir='ltr'>aggressorem</span> <span class='ocrx_word' id='word_1_225' title='bbox 846 2048 907 2087; x_wconf 87' lang='lat' dir='ltr'>ita</span> <span class='ocrx_word' id='word_1_226' title='bbox 929 2054 976 2088; x_wconf 93' lang='lat' dir='ltr'>ut</span> <span class='ocrx_word' id='word_1_227' title='bbox 1010 2048 1082 2088; x_wconf 92' lang='lat' dir='ltr'>ille</span> <span class='ocrx_word' id='word_1_228' title='bbox 1115 2047 1364 2096; x_wconf 86' lang='lat' dir='ltr'>occidatur;</span> <span class='ocrx_word' id='word_1_229' title='bbox 1402 2062 1544 2101; x_wconf 92' lang='lat' dir='ltr'>neque</span> 
     </span>
     <span class='ocr_line' id='line_1_30' title="bbox 143 2112 1543 2168; baseline 0.004 -18"><span class='ocrx_word' id='word_1_230' title='bbox 143 2112 260 2151; x_wconf 91' lang='lat' dir='ltr'>enim</span> <span class='ocrx_word' id='word_1_231' title='bbox 281 2118 564 2164; x_wconf 89' lang='lat' dir='ltr'>praeceptum</span> <span class='ocrx_word' id='word_1_232' title='bbox 600 2113 700 2153; x_wconf 75' lang='lat' dir='ltr'>Non</span> <span class='ocrx_word' id='word_1_233' title='bbox 735 2115 886 2154; x_wconf 81' lang='lat' dir='ltr'>occides</span> <span class='ocrx_word' id='word_1_234' title='bbox 922 2115 1104 2168; x_wconf 84' lang='lat' dir='ltr'>intelligi</span> <span class='ocrx_word' id='word_1_235' title='bbox 1139 2115 1271 2155; x_wconf 87' lang='lat' dir='ltr'>debet</span> <span class='ocrx_word' id='word_1_236' title='bbox 1303 2116 1383 2156; x_wconf 90' lang='lat' dir='ltr'>nisi</span> <span class='ocrx_word' id='word_1_237' title='bbox 1416 2117 1470 2157; x_wconf 93' lang='lat' dir='ltr'>de</span> <span class='ocrx_word' id='word_1_238' title='bbox 1491 2118 1543 2157; x_wconf 91' lang='lat' dir='ltr'>iis</span> 
     </span>
     <span class='ocr_line' id='line_1_31' title="bbox 143 2180 1328 2233; baseline 0.002 -14"><span class='ocrx_word' id='word_1_239' title='bbox 143 2180 315 2220; x_wconf 88' lang='lat' dir='ltr'>casibus</span> <span class='ocrx_word' id='word_1_240' title='bbox 338 2180 381 2219; x_wconf 91' lang='lat' dir='ltr'>in</span> <span class='ocrx_word' id='word_1_241' title='bbox 405 2181 563 2232; x_wconf 84' lang='lat' dir='ltr'>quibus</span> <span class='ocrx_word' id='word_1_242' title='bbox 587 2195 673 2221; x_wconf 89' lang='lat' dir='ltr'>non</span> <span class='ocrx_word' id='word_1_243' title='bbox 696 2188 761 2222; x_wconf 90' lang='lat' dir='ltr'>est</span> <span class='ocrx_word' id='word_1_244' title='bbox 779 2181 899 2233; x_wconf 88' lang='lat' dir='ltr'>justa</span> <span class='ocrx_word' id='word_1_245' title='bbox 919 2196 1051 2223; x_wconf 90' lang='lat' dir='ltr'>causa</span> <span class='ocrx_word' id='word_1_246' title='bbox 1072 2180 1328 2223; x_wconf 83' lang='lat' dir='ltr'>occidendi.1</span> 
     </span>
    </p>

    <p class='ocr_par' dir='ltr' id='par_1_5' title="bbox 144 2245 1544 2368">
     <span class='ocr_line' id='line_1_32' title="bbox 208 2245 1544 2301; baseline 0.004 -16"><span class='ocrx_word' id='word_1_247' title='bbox 208 2254 296 2296; x_wconf 82' lang='lat'>145.</span> <span class='ocrx_word' id='word_1_248' title='bbox 330 2245 548 2286; x_wconf 89' lang='lat' dir='ltr'>Attamen</span> <span class='ocrx_word' id='word_1_249' title='bbox 573 2247 824 2299; x_wconf 87' lang='lat' dir='ltr'>negandum</span> <span class='ocrx_word' id='word_1_250' title='bbox 850 2262 937 2288; x_wconf 91' lang='lat' dir='ltr'>non</span> <span class='ocrx_word' id='word_1_251' title='bbox 962 2254 1028 2288; x_wconf 90' lang='lat' dir='ltr'>est</span> <span class='ocrx_word' id='word_1_252' title='bbox 1051 2249 1154 2301; x_wconf 92' lang='lat' dir='ltr'>quin</span> <span class='ocrx_word' id='word_1_253' title='bbox 1187 2262 1364 2289; x_wconf 87' lang='lat' dir='ltr'>causam</span> <span class='ocrx_word' id='word_1_254' title='bbox 1387 2250 1544 2290; x_wconf 86' lang='lat' dir='ltr'>utrius-</span> 
     </span>
     <span class='ocr_line' id='line_1_33' title="bbox 144 2315 1542 2368; baseline 0.001 -12"><span class='ocrx_word' id='word_1_255' title='bbox 144 2329 231 2368; x_wconf 89' lang='lat' dir='ltr'>que</span> <span class='ocrx_word' id='word_1_256' title='bbox 254 2315 436 2356; x_wconf 88' lang='lat' dir='ltr'>effectus</span> <span class='ocrx_word' id='word_1_257' title='bbox 472 2328 635 2368; x_wconf 89' lang='lat' dir='ltr'>ponere</span> <span class='ocrx_word' id='word_1_258' title='bbox 672 2315 910 2368; x_wconf 88' lang='lat' dir='ltr'>aliquando</span> <span class='ocrx_word' id='word_1_259' title='bbox 946 2317 1103 2356; x_wconf 85' lang='lat' dir='ltr'>saltem</span> <span class='ocrx_word' id='word_1_260' title='bbox 1137 2316 1335 2357; x_wconf 85' lang='lat' dir='ltr'>illicitum</span> <span class='ocrx_word' id='word_1_261' title='bbox 1373 2317 1449 2358; x_wconf 86' lang='lat' dir='ltr'>fiat</span> <span class='ocrx_word' id='word_1_262' title='bbox 1484 2331 1542 2357; x_wconf 86' lang='lat' dir='ltr'>ex</span> 
     </span>
    </p>
   </div>
   <div class='ocr_carea' id='block_1_3' title="bbox 150 2405 661 2407">
    <p class='ocr_par' dir='ltr' id='par_1_6' title="bbox 150 2405 661 2407">
     <span class='ocr_line' id='line_1_34' title="bbox 150 2405 661 2407; baseline 0 0"><span class='ocrx_word' id='word_1_263' title='bbox 150 2405 661 2407; x_wconf 95' lang='lat' dir='ltr'> </span> 
     </span>
    </p>
   </div>
   <div class='ocr_carea' id='block_1_4' title="bbox 142 2451 1533 2584">
    <p class='ocr_par' dir='ltr' id='par_1_7' title="bbox 142 2451 1533 2584">
     <span class='ocr_line' id='line_1_35' title="bbox 202 2451 688 2494; baseline 0 -11"><span class='ocrx_word' id='word_1_264' title='bbox 202 2451 209 2469; x_wconf 79' lang='lat'>¹</span> <span class='ocrx_word' id='word_1_265' title='bbox 228 2453 305 2483; x_wconf 80' lang='lat' dir='ltr'>Vid.</span> <span class='ocrx_word' id='word_1_266' title='bbox 326 2453 428 2494; x_wconf 88' lang='lat' dir='ltr'>Gury,</span> <span class='ocrx_word' id='word_1_267' title='bbox 449 2453 538 2484; x_wconf 83' lang='lat' dir='ltr'>Part.</span> <span class='ocrx_word' id='word_1_268' title='bbox 564 2452 586 2483; x_wconf 88' lang='lat' dir='ltr'>i.</span> <span class='ocrx_word' id='word_1_269' title='bbox 604 2463 637 2483; x_wconf 89' lang='lat' dir='ltr'>n.</span> <span class='ocrx_word' id='word_1_270' title='bbox 656 2461 688 2491; x_wconf 90' lang='lat'>9.</span> 
     </span>
     <span class='ocr_line' id='line_1_36' title="bbox 208 2496 1533 2541; baseline 0.002 -15"><span class='ocrx_word' id='word_1_271' title='bbox 208 2496 308 2526; x_wconf 82' lang='lat' dir='ltr'>2Vid.</span> <span class='ocrx_word' id='word_1_272' title='bbox 341 2496 467 2536; x_wconf 87' lang='lat' dir='ltr'>Crolly‚</span> <span class='ocrx_word' id='word_1_273' title='bbox 490 2496 543 2526; x_wconf 81' lang='lat' dir='ltr'>De</span> <span class='ocrx_word' id='word_1_274' title='bbox 564 2496 721 2536; x_wconf 75' lang='lat' dir='ltr'>Juslitia,</span> <span class='ocrx_word' id='word_1_275' title='bbox 752 2496 827 2528; x_wconf 92' lang='lat' dir='ltr'>Vol.</span> <span class='ocrx_word' id='word_1_276' title='bbox 861 2497 908 2528; x_wconf 89' lang='lat' dir='ltr'>iii.</span> <span class='ocrx_word' id='word_1_277' title='bbox 936 2508 989 2529; x_wconf 88' lang='lat' dir='ltr'>nn.</span> <span class='ocrx_word' id='word_1_278' title='bbox 1030 2498 1088 2538; x_wconf 87' lang='lat'>178</span> <span class='ocrx_word' id='word_1_279' title='bbox 1115 2504 1147 2530; x_wconf 87' lang='lat' dir='ltr'>et</span> <span class='ocrx_word' id='word_1_280' title='bbox 1173 2509 1262 2541; x_wconf 90' lang='lat' dir='ltr'>seq.;</span> <span class='ocrx_word' id='word_1_281' title='bbox 1291 2499 1450 2536; x_wconf 81' lang='lat' dir='ltr'>Carriere,</span> <span class='ocrx_word' id='word_1_282' title='bbox 1478 2499 1533 2529; x_wconf 75' lang='lat' dir='ltr'>De</span> 
     </span>
     <span class='ocr_line' id='line_1_37' title="bbox 142 2539 1239 2584; baseline 0.005 -15"><span class='ocrx_word' id='word_1_283' title='bbox 142 2539 304 2579; x_wconf 77' lang='lat' dir='ltr'>Justz&#39;tz&#39;a,</span> <span class='ocrx_word' id='word_1_284' title='bbox 325 2540 414 2571; x_wconf 89' lang='lat' dir='ltr'>Part.</span> <span class='ocrx_word' id='word_1_285' title='bbox 431 2540 464 2570; x_wconf 91' lang='lat' dir='ltr'>ii.</span> <span class='ocrx_word' id='word_1_286' title='bbox 481 2549 512 2569; x_wconf 87' lang='lat' dir='ltr'>n.</span> <span class='ocrx_word' id='word_1_287' title='bbox 534 2539 602 2578; x_wconf 81' lang='lat'>176.</span> <span class='ocrx_word' id='word_1_288' title='bbox 654 2541 765 2581; x_wconf 86' lang='lat' dir='ltr'>Atque</span> <span class='ocrx_word' id='word_1_289' title='bbox 783 2540 848 2571; x_wconf 84' lang='lat' dir='ltr'>vid.</span> <span class='ocrx_word' id='word_1_290' title='bbox 867 2540 962 2574; x_wconf 78' lang='lat' dir='ltr'>infra,</span> <span class='ocrx_word' id='word_1_291' title='bbox 981 2552 1014 2572; x_wconf 89' lang='lat' dir='ltr'>n.</span> <span class='ocrx_word' id='word_1_292' title='bbox 1039 2549 1102 2581; x_wconf 87' lang='lat'>447</span> <span class='ocrx_word' id='word_1_293' title='bbox 1121 2548 1153 2573; x_wconf 89' lang='lat' dir='ltr'>et</span> <span class='ocrx_word' id='word_1_294' title='bbox 1170 2553 1239 2584; x_wconf 87' lang='lat' dir='ltr'>seq.</span> 
     </span>
    </p>
   </div>
  </div>
 </body>
</html>
