1716 2729
566 61 618 101 de
635 59 675 101 A
683 59 819 100 ctibus
838 56 1075 99 Humanis.
1459 67 1482 96 2
1488 66 1513 107 7
1522 66 1539 96 1

189 190 238 223 4ο.
267 178 441 222 Denique
468 181 776 220 argumentantur
802 172 969 208 nonnulli
999 183 1043 206 ex
1075 181 1087 205 1
1112 172 1195 205 Cor.
1214 183 1246 204 x.
1266 181 1321 214 31,
1349 170 1412 204 ubi
1439 170 1544 205 aiunt

142 234 382 273 praeceptum
396 224 490 259 tradi
505 222 640 267 agendi
657 233 805 266 semper
819 220 888 254 “in
900 219 1058 264 gloriam
1074 218 1179 259 Dei‚’'
1193 219 1294 262 quod
1309 229 1356 251 ne
1367 218 1545 262 implicite

139 274 294 320 quidem
321 272 397 307 fieri
425 270 568 305 censeri
594 276 730 314 potest,
756 267 827 302 nisi
853 274 959 302 actus
985 277 1116 301 omnes
1143 265 1349 299 referantur
1367 264 1404 298 in
1430 264 1544 300 finem

141 323 353 357 honestum.
383 319 481 363 [614‚
499 315 599 361 615]

188 410 459 443 ARGUMENTA
476 407 782 441 SCOTISTARUM.
811 402 997 438 Scotistae
1010 401 1236 436 sententiam
1255 412 1362 435 suam
1380 401 1546 436 stabilire

143 455 349 500 suscipiunt
375 453 609 488 ostendendo
627 451 792 485 invalida
810 461 893 484 esse
914 455 1135 493 argumenta
1152 449 1266 482 allata
1284 448 1332 482 ad
1351 448 1545 482 adstruen-

141 504 230 538 dam
250 502 517 546 obligationem
536 500 583 534 de
601 510 674 544 qua
692 499 824 543 agitur.
876 498 1010 541 Neque
1036 495 1221 540 ejusmodi
1248 502 1392 529 tantum
1411 502 1467 529 est
1485 495 1546 530 hic

143 550 278 584 modus
297 546 582 592 argumentandi
601 558 711 591 quem
731 545 950 591 negalivmn
968 550 1103 577 vocant
1121 556 1128 584 ;
1155 542 1240 576 talis
1259 542 1359 576 enim
1378 549 1434 576 est
1453 542 1547 576 obli-

142 597 244 642 gatio
263 597 333 630 ista
353 605 390 632 ut
410 594 563 629 omnino
582 593 725 627 censeri
744 598 906 636 nequeat
926 592 1050 624 Deum
1078 601 1162 624 eam
1188 588 1403 623 hominibus
1430 589 1547 633 impo-

143 644 262 679 suisse
281 643 368 688 quin
389 650 493 676 tanto
512 641 696 675 rationum
716 639 855 674 lumine
873 649 957 672 eam
976 637 1233 671 manifestaret
1250 643 1289 670 ut
1308 647 1366 670 res
1385 636 1548 671 dilucide

143 698 345 728 constaret,
373 690 403 723 si
433 700 508 723 non
537 687 711 722 omnibus
739 685 893 721 omnino
921 684 1149 724 hominibus,
1174 684 1308 718 saltem
1336 683 1378 717 iis
1398 683 1459 725 qui
1479 683 1548 718 rite

144 750 228 772 eam
247 736 547 781 investigandam
567 735 819 779 susciperent3
839 732 995 777 perinde
1010 731 1120 777 igitur
1134 731 1194 765 hic
1208 738 1264 765 est
1283 742 1359 765 non
1377 730 1548 774 existere,

143 797 188 820 ac
207 797 281 819 non
300 795 410 828 posse
430 782 690 817 demonstrari.
721 781 820 825 [616,
835 778 932 824 617.]

196 834 327 877 Itaque
345 831 392 865 ad
411 836 632 874 argumenta
650 828 932 862 Thomistarum
952 826 1004 860 sic
1022 826 1263 870 respondent.

191 879 252 913 Ad
299 883 346 912 1¹1²
388 877 616 922 respondent
664 875 698 909 10
741 887 786 909 ex
829 885 873 908 eo
907 873 1009 918 quod
1043 873 1184 907 homini
1220 872 1305 907 licet
1341 873 1548 907 secundum

139 926 368 970 exigentiam
401 933 556 959 naturae
598 923 784 957 humanae
825 932 946 964 agere,
989 920 1056 955 etsi
1100 932 1176 954 non
1218 926 1306 963 agat
1347 921 1395 954 ab
1436 920 1550 954 finem

144 975 378 1012 rationalem,
397 971 601 1006 dummodo
620 976 708 1013 agat
726 970 774 1003 ob
794 969 904 1002 finem
924 967 1142 1002 sensibilem
1170 967 1231 1012 qui
1258 967 1358 1001 bono
1376 966 1550 1001 rationali

144 1032 220 1055 non
239 1020 467 1054 adversetur.
498 1015 699 1062 [618-620.]

193 1072 229 1101 2⁰
246 1067 493 1112 Respondent
524 1077 568 1099 ex
587 1077 630 1099 eo
650 1064 749 1109 quod
776 1062 878 1097 aliud
905 1069 960 1097 est
987 1073 1098 1106 agere
1117 1062 1165 1096 ob
1185 1061 1297 1095 finem
1316 1062 1552 1102 rationalem,

146 1114 248 1154 aliud
266 1126 354 1149 vero
383 1115 430 1148 ob
460 1113 572 1147 finem
602 1112 794 1146 lmm’slum
810 1124 823 1145 .·
849 1110 986 1144 deinde
1013 1109 1062 1143 ad
1088 1121 1133 1143 ea
1159 1120 1254 1153 quae
1282 1108 1484 1142 afferuntur
1502 1108 1551 1143 ad

145 1161 445 1196 confirmandum
473 1167 735 1204 argumentum
761 1157 991 1202 respondent
1021 1157 1226 1196 hominem,
1252 1157 1310 1189 vel
1339 1156 1375 1189 in
1405 1156 1552 1190 actibus

147 1208 454 1248 indifferentibus,
476 1208 565 1241 satis
585 1205 762 1249 distingui
777 1217 799 1239 a
816 1204 946 1240 brutis,
958 1215 1072 1248 quum
1088 1204 1147 1246 (a)
1164 1203 1238 1237 sint
1256 1202 1318 1237 alii
1337 1202 1552 1248 hujusmodi

146 1263 252 1290 actus
271 1256 333 1301 qui
352 1256 410 1289 vel
429 1254 633 1289 secundum
653 1254 899 1287 substantiam
919 1251 993 1285 sint
1011 1250 1154 1285 homini
1173 1250 1323 1295 proprii,
1343 1250 1480 1285 deinde
1499 1250 1551 1294 (b)

146 1304 183 1338 in
210 1302 254 1337 iis
281 1303 342 1348 qui
369 1314 444 1336 non
472 1302 544 1335 sint
570 1299 713 1334 homini
740 1299 876 1344 proprii
904 1298 1111 1332 secundum
1138 1298 1401 1338 substantiam,
1427 1304 1552 1342 potest

146 1351 260 1385 homo
291 1362 401 1394 agere
430 1349 534 1383 uzeda
561 1349 738 1384 lmnmna,
767 1358 811 1380 ac
841 1345 1003 1390 denique
1039 1345 1091 1388 (c)
1121 1345 1222 1390 quod
1250 1345 1383 1378 attinet
1416 1345 1474 1379 vel
1503 1345 1558 1379 ad

146 1398 297 1444 regulas
315 1409 472 1436 morum,
499 1396 665 1440 profecto
683 1406 759 1428 non
785 1402 841 1427 est
868 1404 971 1427 more
990 1393 1183 1426 brutorum
1210 1403 1334 1435 agere,
1353 1391 1382 1425 si
1402 1391 1485 1437 quis
1504 1391 1551 1427 sit

145 1445 272 1479 animo
308 1445 358 1478 ita
387 1443 591 1487 dispositus
621 1449 658 1475 ut
692 1453 767 1475 non
801 1447 900 1475 esset
935 1446 1084 1474 acturus
1119 1439 1148 1473 si
1182 1446 1287 1474 actus
1321 1439 1379 1473 his
1414 1439 1552 1484 regulis

145 1492 414 1527 adversaretur.
445 1489 656 1534 [fni-623]

193 1549 232 1582 30
259 1539 432 1583 Denique
461 1550 505 1571 ex
535 1536 727 1581 principiis
757 1535 872 1580 ipsius
910 1535 947 1568 S.
975 1534 1147 1567 Thomae
1178 1533 1395 1577 responderi
1426 1539 1552 1578 potest

146 1596 264 1626 actus,
298 1587 344 1620 de
379 1585 512 1630 quibus
548 1595 671 1617 sermo
705 1589 772 1625 est,
808 1581 997 1616 moraliter
1030 1581 1139 1614 bonos
1172 1592 1268 1615 esse.
1298 1587 1334 1614 et
1363 1580 1448 1614 ideo
1476 1592 1553 1615 non

145 1633 312 1677 indigere
346 1632 525 1666 relatione
560 1631 685 1676 aliqua
718 1629 926 1664 extrinseca
961 1636 999 1663 ut
1029 1635 1164 1672 agente
1195 1627 1366 1662 rationali
1398 1627 1553 1662 omnino

144 1680 248 1725 digni
267 1680 367 1714 fiant.
398 1677 512 1723 [624]

192 1744 251 1778 Ad
272 1750 323 1777 21¹1
341 1743 620 1777 Thomistarum
640 1747 904 1784 argumentum
923 1746 1007 1774 sunt
1031 1743 1065 1773 1⁰
1083 1738 1144 1784 qui
1164 1739 1394 1783 respondent
1412 1745 1554 1773 textum

148 1791 430 1834 intelligendum
451 1802 546 1828 esse,
573 1801 648 1823 non
676 1789 722 1823 de
741 1789 884 1822 ratione
907 1787 1231 1830 condemnationis,
1259 1787 1326 1820 sed
1344 1787 1391 1821 de
1409 1786 1554 1822 ratione

146 1839 394 1873 discussionis.
424 1837 522 1881 [625
543 1836 642 1880 626]

197 1892 233 1919 2⁰
258 1885 330 1918 Alii
366 1896 451 1918 eum
487 1886 777 1927 interpretantur
805 1882 852 1917 de
886 1882 1012 1923 verbo,
1046 1892 1121 1915 non
1150 1880 1302 1925 quidem
1332 1882 1459 1921 otiosa,
1488 1881 1555 1916 sed

149 1933 446 1967 calumnialm‘l‘o.
477 1929 592 1975 [627]

198 1986 235 2022 30
260 1980 359 2012 Vero
378 1977 438 2011 alii
459 1977 706 2015 communius,
732 1977 892 2010 fatentes
912 1987 1125 2010 sermonem
1144 1986 1226 2008 esse
1246 1981 1325 2008 tum
1344 1975 1391 2008 de
1409 1975 1555 2010 ratione

149 2024 489 2060 condemnationis.
508 2031 586 2058 tum
606 2025 652 2058 de
671 2024 785 2057 verbo
803 2023 935 2065 otioso,
954 2022 1183 2067 respondent
1202 2022 1357 2055 verbum
1387 2023 1435 2064 (et
1454 2022 1555 2056 idem

150 2074 197 2108 de
228 2072 300 2106 alio
335 2072 466 2117 quovis
501 2083 614 2116 opere
648 2070 850 2104 dicendum
884 2081 967 2103 esse
1001 2068 1323 2112 animadvertunt)
1358 2080 1434 2102 non
1470 2069 1555 2104 ideo

144 2120 352 2154 >dicendum
370 2131 453 2153 esse
473 2119 635 2152 otiosum
653 2118 753 2162 quod
780 2117 860 2150 sine
887 2116 960 2150 fine
985 2117 1146 2150 honesto
1172 2115 1248 2155 fiat,
1267 2116 1473 2150 dummodo
1491 2117 1555 2151 fiat

149 2168 198 2201 ob
225 2166 376 2211 aliquod
401 2174 556 2200 naturae
583 2166 733 2207 bonum,
762 2165 895 2198 saltem
922 2163 1109 2206 sensibile,
1129 2163 1230 2207 quod
1256 2163 1356 2196 bono
1382 2163 1555 2198 rationali

149 2226 225 2248 non
245 2214 482 2253 adversetur3
503 2219 636 2257 sponte
655 2220 781 2246 tamen
799 2212 962 2245 fatentur
980 2211 1099 2244 malos
1115 2221 1198 2244 esse
1215 2210 1430 2250 huiusmodi
1449 2217 1555 2245 actus

149 2261 180 2295 si
215 2261 304 2294 fiant
323 2264 343 2278 ‘⁶
357 2272 440 2294 cum
460 2258 672 2304 temporis‚'²
702 2266 741 2292 ut
759 2258 873 2301 aiunt,
894 2259 914 2274 “
929 2256 1124 2292 excessu.'⁷
1153 2256 1364 2301 [628-634.]

197 2317 236 2350 40
263 2307 433 2352 Denique
451 2306 667 2351 responderi
687 2312 810 2350 potest
829 2316 905 2339 non
924 2305 1044 2338 solum
1063 2315 1135 2338 non
1155 2304 1265 2347 mala,
1281 2304 1348 2338 sed
1367 2304 1558 2340 moraliter

149 2356 252 2398 bona,
272 2366 355 2388 esse
374 2366 418 2388 ea
437 2355 483 2388 de
504 2353 637 2399 quibus
657 2353 717 2387 hic
736 2359 792 2387 est
811 2363 945 2386 sermo.
976 2349 1090 2396 [635]

196 2418 256 2452 Ad
276 2422 326 2461 3¹¹¹
344 2428 491 2462 quoque
510 2417 676 2461 pluribus
696 2415 817 2450 modis
833 2415 1061 2460 respondent
1076 2414 1272 2449 Scotistae.
1301 2414 1363 2449 Sic
1386 2419 1418 2448 1⁰
1437 2415 1557 2450 anirn-

146 2466 349 2500 advertunt
383 2463 677 2509 propositionem
713 2464 799 2497 gvam
833 2463 1016 2496 causalem
1059 2473 1154 2501 esse,
1196 2469 1232 2495 et
1267 2461 1351 2496 ideo
1385 2462 1557 2498 damnari

151 2512 317 2558 potuisse
336 2512 384 2546 ob
403 2511 608 2546 clausulam
627 2511 760 2545 saltem
780 2509 997 2551 secundam,
1016 2520 1111 2554 quae
1138 2508 1290 2553 quidem
1316 2509 1427 2554 plane
1453 2510 1558 2545 dam-
