1716 2729
113 109 184 136 nn.
210 105 276 144 22,
301 93 387 146 23.]
564 89 617 130 de
634 85 819 128 Actibus
839 81 1077 124 Humanis.
1443 84 1513 127 145

112 225 227 266 quae
243 211 325 251 hac
341 210 438 262 lege
459 204 750 261 prohibentur
764 207 812 241 ut
829 199 923 251 jam
947 195 1202 237 radicaliter
1221 207 1297 234 seu
1319 191 1523 244 exigitit'e

113 282 242 331 mala,
265 293 394 320 sensu
412 291 455 317 n.
480 277 578 327 381.
601 266 838 325 exposito.¹

175 350 269 402 386.
304 348 576 397 OBJICITUR
609 345 652 394 3⁰
684 340 825 380 multa
846 350 942 378 esse
965 341 1147 388 peccata
1167 345 1281 384 quae
1314 343 1401 370 non
1435 330 1521 370 sint

113 425 269 460 contra
291 423 518 457 aeternam
545 412 692 465 legem
716 409 801 449 Dei
822 422 831 457 ;
862 407 976 446 sicut
991 416 1077 456 v.g.
1101 400 1333 441 comedere
1369 410 1524 437 carnes

113 488 222 529 feria
242 492 384 533 sexta,
407 483 612 523 omittere
627 480 757 519 horas
781 475 1034 521 canonicas,
1059 476 1156 519 etc„
1176 475 1271 513 etc.‚
1292 480 1406 519 quae
1421 472 1524 505 sunt

114 563 268 598 contra
304 554 448 607 legem
484 557 662 591 tantum
697 546 954 588 Ecclesiae:
998 555 1105 594 ergo
1127 540 1202 579 lex
1236 544 1416 578 aeterna
1438 536 1523 575 Dei

116 639 205 666 non
227 630 294 664 est
316 619 580 662 moralitatis
603 617 755 670 regula
776 611 1046 655 universalis.

178 695 275 746 387.
309 692 449 731 RESP.
473 687 583 740 Neg.
604 683 862 726 antecedens.
926 680 1046 720 Nam
1069 681 1089 697 ‘¹
1107 675 1259 717 omnia
1279 687 1394 727 quae
1416 673 1527 712 fiunt

117 760 365 805 immediate
383 763 539 799 contra
571 756 717 806 legem
768 784 777 792 .
829 784 836 790 .
895 746 1134 793 Ecclesiae,
1156 749 1232 783 aut
1255 742 1435 782 alterius
1456 754 1529 779 su-

117 830 298 886 perioris
320 826 517 880 legitime
538 820 793 874 obligantis,
813 817 926 858 fiunt
948 815 1083 855 etiam
1117 807 1338 865 [mediate]
1374 816 1530 850 contra

118 906 345 941 aeternam
379 895 522 947 legem
561 890 659 939 Dei,
680 893 901 941 quatenus
931 884 1007 923 lex
1045 882 1130 921 ista
1161 913 1169 920 .
1201 913 1209 920 .
1242 912 1250 919 .
1285 877 1532 918 necessario

119 966 334 1022 praecipit
364 970 413 1004 ut
449 961 738 1000 observentur
774 955 894 1006 leges
926 963 1081 992 omnes
1109 948 1307 1001 legitime
1343 946 1461 986 latae
1477 942 1534 995 ;”Ξ

120 1035 366 1078 secundum
388 1029 636 1072 doctrinam
659 1021 870 1078 Apostoli
893 1020 1044 1073 (Rom.
1069 1016 1159 1057 xiii.
1188 1015 1241 1067 Ι.)
1262 1029 1270 1054 ;
1294 1013 1437 1053 “Non
1461 1019 1530 1053 est

120 1109 320 1159 potestas
352 1100 436 1140 nisi
468 1113 494 1138 a
526 1097 638 1145 Deo,
669 1127 677 1136 .
710 1124 720 1133 .
754 1126 762 1133 .
795 1092 946 1143 itaque
988 1086 1064 1140 qui
1106 1085 1269 1125 resistit
1307 1081 1534 1135 potestati,

123 1173 223 1213 Deo
244 1167 442 1210 resistit.''

183 1273 276 1324 388.
312 1270 546 1310 Hactenus
586 1262 723 1303 locuti
767 1272 919 1300 sumus
961 1257 1017 1297 de
1070 1253 1221 1308 regula
1271 1251 1536 1292 moralitatis

113 1339 351 1395 primaria,
373 1349 488 1390 quae
510 1334 646 1374 etiam
670 1336 831 1391 rerffla
853 1329 939 1370 dici
962 1327 1086 1368 solet.
1149 1324 1215 1364 At
1236 1336 1341 1363 vero
1363 1327 1538 1376 praeter

122 1409 258 1458 illam,
300 1406 397 1454 alia,
439 1416 552 1457 quae
592 1397 847 1441 secundaria
878 1404 923 1437 et
951 1394 1192 1448 propinqua
1234 1405 1310 1431 seu
1338 1389 1540 1443 prox‘ma

123 1479 297 1530 dicitur,
318 1471 603 1528 agnoscenda
625 1476 703 1510 est.
767 1472 790 1488 “
810 1465 985 1519 Regula
1016 1460 1259 1504 voluntatis
1281 1455 1541 1506 humanae‚''

124 1547 186 1588 ait
222 1545 263 1587 S.
301 1538 531 1589 Thomas,³
567 1537 785 1591 “duplex
823 1542 918 1575 est:
961 1546 1051 1572 una
1077 1529 1334 1584 propinqua,
1371 1526 1539 1567 scilicet

124 1617 222 1670 ipsa
251 1613 446 1655 saumana
480 1609 594 1651 ratio
610 1624 627 1656 ‚·
667 1606 753 1647 alia
775 1617 879 1644 vero
902 1609 969 1643 est
996 1600 1149 1654 prima
1185 1595 1351 1650 regula,
1373 1595 1541 1636 scilicet

124 1685 193 1726 lex
221 1689 409 1731 aeterna,
450 1692 565 1732 quae
603 1682 669 1716 est
712 1672 838 1727 quasi
881 1669 996 1710 ratio
1036 1666 1157 1707 Dci.”
1218 1664 1379 1716 Neque
1419 1662 1538 1702 enim

126 1752 352 1794 moralitas
374 1762 489 1803 quae
511 1745 759 1787 desumitur
780 1755 839 1782 ex
861 1738 1075 1781 relatione
1097 1740 1223 1776 actus
1244 1734 1301 1774 ad
1334 1737 1539 1772 remotam

128 1836 205 1864 seu
231 1817 501 1874 primariam
542 1812 742 1867 regulam
778 1806 1043 1850 moralitatis
1080 1802 1231 1856 agenti
1266 1798 1540 1841 manifestari

129 1894 278 1946 potest
310 1887 394 1928 nisi
416 1899 495 1939 per
528 1884 753 1924 dictamen
789 1876 1040 1918 intellectus
1074 1887 1151 1913 seu
1187 1870 1396 1912 rationis:
1429 1869 1541 1909 haec

128 1959 275 2014 igitur,
307 1962 356 1996 ut
372 1955 467 2008 jam
504 1953 674 1993 dictum
696 1954 776 1997 est,
797 1944 1050 1999 appellatur
1087 1939 1352 1982 moralitatis
1388 1936 1540 1991 regula

119 2026 364 2082 propinqua
384 2036 459 2063 seu
481 2014 766 2062 secundaria.4

139 2095 763 2113 “ff-—

174 2133 183 2151 ¹
201 2130 282 2162 Vid.
301 2130 347 2160 A.
373 2128 485 2167 Mayr,
498 2125 582 2156 ibid.
600 2136 609 2161 ;
635 2130 668 2153 et
687 2119 835 2161 Struggl,
867 2117 972 2149 Thael.
987 2114 1193 2156 Dogmatica‚
1217 2113 1306 2143 Part.
1330 2119 1359 2141 1.
1377 2115 1475 2140 tract.
1494 2107 1540 2138 iv.

131 2176 226 2216 disp.
248 2183 279 2213 4.
300 2176 428 2214 quaest.
448 2178 480 2200 2.
495 2174 559 2200 art.
577 2167 612 2198 ii.
631 2176 667 2196 n.
685 2165 716 2196 6.
736 2164 804 2204 obj.
821 2161 867 2193 2⁰.

174 2216 188 2237 ³
203 2219 287 2250 Ant.
304 2216 413 2254 Mayr,
433 2212 539 2244 Theul.
556 2210 675 2246 Schol„
694 2208 809 2239 Tract.
825 2215 857 2245 4.
877 2204 965 2245 disp.
988 2211 1017 2234 1.

178 2263 191 2283 3
207 2262 359 2296 Summa,
382 2267 408 2289 1.
431 2265 461 2288 2.
478 2256 616 2296 Quaest.
633 2260 685 2293 71.
705 2256 766 2282 art.
789 2250 819 2281 6.

177 2307 190 2327 4
206 2305 286 2337 Non
298 2302 474 2334 defuerunt
489 2299 546 2340 qui
561 2296 800 2329 contenderent
819 2295 843 2309 “
853 2292 1022 2323 dictamen
1031 2288 1114 2320 illud
1128 2285 1267 2319 rationis
1282 2294 1351 2315 non
1366 2292 1436 2314 esse
1452 2291 1544 2322 regu-

135 2351 203 2382 lam
220 2346 354 2391 proprie
365 2345 502 2380 dictam,
517 2342 576 2373 sed
591 2346 722 2372 tantum
731 2336 978 2379 afilia-ationem
1002 2332 1140 2374 regulae,
1149 2330 1252 2362 ferme
1263 2327 1347 2360 sicut
1363 2324 1546 2367 applicatio

136 2392 277 2426 amussis
303 2395 336 2421 et
353 2387 488 2420 alterius
502 2383 636 2426 regulae
652 2381 836 2414 materialis
852 2378 986 2421 proprie
1001 2382 1035 2408 et
1057 2376 1092 2407 in
1107 2375 1216 2416 rigore
1232 2382 1300 2404 non
1316 2376 1365 2402 est
1380 2368 1506 2410 regula.

183 2436 207 2454 ⁴¹
219 2435 346 2466 Verum
355 2432 434 2474 quia
448 2429 569 2461 modus
579 2425 739 2469 loquendi
749 2435 817 2466 quo
828 2423 996 2454 dictamen
1009 2419 1148 2452 rationis
1164 2441 1172 2447 .
1185 2440 1192 2447 .
1210 2415 1323 2456 regula
1339 2412 1541 2454 appellatur,

132 2481 204 2523 jam
220 2484 270 2511 est
286 2482 439 2517 receptus
453 2474 489 2504 in
513 2471 650 2508 scholis,
668 2479 736 2501 non
752 2475 800 2499 est
828 2477 887 2499 cur
910 2465 955 2496 ab
970 2474 1011 2496 eo
1036 2462 1242 2498 recedamus,
1261 2464 1318 2490 aut
1340 2457 1384 2488 de
1408 2455 1547 2487 nomine

135 2524 277 2556 multum
303 2515 513 2561 litigemus.”
564 2512 803 2549 Mondschein,
832 2509 1002 2550 Themogia
1025 2506 1232 2548 Dogmata-a,
1257 2502 1370 2533 Tract.
1395 2500 1450 2531 De
1470 2500 1547 2530 Act.

137 2565 327 2604 Humanis,
346 2573 376 2594 n.
397 2561 473 2602 484.
