1716 2729
183 96 206 125 2
214 95 232 137 5
242 86 266 125 8
606 84 644 126 C
640 85 909 137 ompcndium
939 85 980 125 T
979 90 1170 125 metatus

230 201 552 235 COROLLARIUM.
579 200 817 245 qu'usmodi
840 201 1061 246 ignorantia
1093 201 1356 234 voluntarium
1390 200 1587 234 minuit.—

181 247 335 282 Etenim
351 247 411 282 hic
431 259 579 293 quoque
598 249 696 282 valet
712 248 807 282 ratio
826 260 938 293 supra
955 247 1093 283 tradita
1110 247 1158 282 de
1176 247 1388 292 ignorantia
1406 247 1587 282 vincibili.

178 293 291 340 [280]

228 367 287 400 Ex
315 364 374 399 his
403 370 550 399 constat
581 370 706 399 actum
735 376 811 398 non
837 363 923 398 ideo
950 363 1157 397 immunem
1183 374 1266 397 esse
1293 374 1315 396 a
1341 363 1460 407 culpa,
1487 362 1589 407 quod

179 425 296 458 agens
326 413 399 446 hoc
429 412 595 446 secundo
623 411 737 446 modo
764 411 1038 445 invincibiliter
1065 413 1219 456 ignorat
1248 421 1287 444 se
1318 411 1439 454 legem
1469 417 1589 444 trans-

179 459 312 505 gredi:
339 460 506 493 desectus
537 459 689 504 quidem
719 459 911 499 scientiae,
939 470 1054 503 quum
1082 457 1129 491 sit
1163 457 1399 500 invincibilis,
1434 457 1589 491 omnino

179 507 308 552 utique
338 506 574 551 inculpabilis
593 513 676 547 est;
705 506 859 540 minime
878 517 966 540 vero
997 505 1163 550 sequitur
1193 505 1278 538 ideo
1306 516 1392 538 eum
1419 504 1588 539 excusari

179 555 241 600 qui
257 554 405 599 agendo
424 565 463 588 se
481 561 644 598 exponat
662 553 828 598 periculo
854 552 1154 596 transgrediendi
1180 553 1302 596 legem
1329 564 1442 596 quum
1469 551 1589 596 possit

179 603 229 636 ab
263 609 348 636 actu
383 601 582 635 abstinere.
634 602 711 635 Res
745 601 948 635 illustratur
983 600 1154 644 exemplo
1189 599 1377 633 venatoris
1412 599 1589 641 sagittam

178 648 373 684 mittentis.
425 649 474 683 Et
505 648 541 682 in
572 650 751 683 Tractatu
783 649 828 682 de
863 648 1095 681 Conscientia
1127 646 1339 681 videbimus
1373 645 1588 691 hujusmodi

179 697 348 731 actiones
391 695 595 740 aliquando
640 708 663 730 a
697 696 806 740 culpa
840 695 1026 729 immunes
1068 705 1163 738 esse,
1206 694 1409 738 aliquando
1452 705 1590 727 non.—

179 745 263 779 Nec
293 743 533 778 contrarium·
552 743 706 777 infertur
735 754 779 777 ex
814 742 1069 787 propositione
1098 746 1135 776 2²¹
1162 741 1210 775 ab
1228 741 1444 775 Alexandro
1471 741 1586 775 VIII.

174 793 368 826 damnata.
399 789 612 834 [281-284.]

225 861 290 895 EX
323 867 460 894 DICTIS
495 867 702 893 RESOINES
741 858 777 892 1⁰
812 869 959 903 pueros,
993 857 1054 903 qui
1098 857 1178 891 sine
1218 857 1294 891 ullo
1336 856 1589 891 conscientiae

176 919 318 953 angore
336 906 475 941 faciant
493 918 538 940 ea
557 918 652 951 quae
672 906 800 940 illicita
819 905 903 946 sint,
923 906 1174 939 uzalerialitcr
1189 910 1347 943 tanturn,
1366 916 1442 938 non
1461 911 1587 938 autem

175 955 399 994 formaliter,
417 965 583 998 peccare.
637 954 720 988 Nec
738 960 872 998 postea
889 960 1062 987 tenentur
1080 953 1173 986 haec
1192 951 1370 985 confiteri.
1399 950 1496 996 [285‚
1518 951 1584 995 1⁰.]

223 1002 260 1036 2⁰
278 1001 476 1038 Adulterii.
495 1013 569 1035 non
585 1008 712 1035 autem
731 1001 907 1041 incestus,
927 1012 1031 1034 reum
1049 1011 1132 1034 esse
1151 999 1347 1043 conjugem
1368 999 1429 1043 qui
1446 1006 1585 1043 peccet,

175 1062 244 1094 ug.
265 1061 349 1084 cum
369 1048 491 1083 uxoris
519 1060 657 1092 sorore,
676 1060 788 1094 quam
814 1055 941 1082 tamen
960 1047 1038 1092 ejus
1058 1058 1223 1081 sororem
1243 1058 1326 1080 esse
1352 1047 1454 1080 nullo
1472 1046 1587 1080 modo

174 1097 394 1142 suspicatur.
426 1095 524 1140 [285‚
543 1095 610 1139 2⁰.]

223 1144 259 1188 3⁰
288 1144 539 1182 Confessario,
569 1143 728 1181 medico,
759 1143 817 1176 vel
843 1141 973 1187 judici,
1002 1141 1075 1187 qui,
1107 1141 1175 1176 etsi
1203 1141 1373 1175 advertat
1401 1152 1440 1174 se
1460 1152 1586 1175 carere

176 1192 334 1226 scientia
368 1191 415 1224 ad
444 1191 567 1225 officio
595 1202 662 1224 suo
696 1190 927 1234 fungendum
956 1188 1146 1234 requisita,
1181 1188 1424 1222 nihilominus
1454 1195 1587 1232 pergat

174 1251 310 1273 munus
329 1249 512 1279 exercere,
530 1237 724 1282 diligentia
742 1237 870 1271 debita
887 1248 963 1271 non
982 1236 1151 1270 adhibita
1169 1236 1217 1270 ad
1244 1235 1439 1269 scientiam
1458 1235 1585 1280 acqui-

173 1287 342 1330 rendam,
362 1285 602 1329 imputandos
629 1296 713 1319 esse
739 1296 883 1319 errores
902 1295 995 1329 quos
1021 1295 1065 1318 ex
1083 1282 1298 1328 hujusmodi
1316 1282 1452 1327 agendi
1471 1283 1587 1316 modo

176 1341 370 1368 secuturos
388 1332 514 1378 aliquo
533 1333 646 1366 inodo
666 1332 1021 1376 advertat—Supra
1040 1331 1131 1365 satis
1151 1331 1291 1364 dictum
1319 1337 1375 1365 est
1394 1330 1441 1364 de
1460 1329 1504 1364 iis
1523 1329 1584 1375 qui

175 1393 251 1416 non
271 1381 468 1415 advertant
487 1392 526 1415 se
546 1379 703 1414 scientia
722 1379 900 1424 requisita
919 1390 1055 1413 carere.
1084 1377 1178 1423 [285,
1199 1376 1265 1422 30.]

630 1499 650 1546 ἓ
686 1514 718 1538 1.
750 1501 815 1537 De
849 1499 1150 1548 Conclfflzkeulia.

224 1598 384 1642 QUAER.
408 1601 454 1629 10.
483 1595 588 1640 Quid
600 1596 651 1629 sit
666 1594 992 1638 concupiscenda?

224 1662 347 1695 REsP.
377 1661 463 1694 Hoc
491 1658 645 1693 nomine
673 1657 877 1702 aliquando
907 1656 1127 1700 designatur
1144 1655 1368 1690 deordinata
1388 1654 1581 1688 inclinatio

176 1708 376 1753 appetitus,
404 1707 482 1741 sive
513 1705 696 1740 inferioris
727 1706 805 1739 sive
836 1704 1048 1748 superioris,
1080 1714 1152 1747 qua
1181 1703 1294 1736 fertur
1322 1702 1435 1735 homo
1466 1702 1502 1735 in
1538 1712 1583 1735 ea

175 1767 273 1800 quae
291 1761 414 1789 rectae
433 1753 567 1787 rationi
586 1754 853 1786 adversantur:
882 1751 942 1784 hic
961 1762 1049 1784 vero
1068 1749 1285 1794 intelligitur
1302 1753 1424 1782 molus
1441 1750 1583 1793 appeli-

176 1808 238 1836 ἴω
264 1802 439 1836 sensitz'vz'
462 1801 503 1834 in
533 1801 667 1834 bonum
697 1799 865 1833 sensibile
894 1798 1086 1832 tendentis.
1141 1798 1273 1842 Itaque
1303 1796 1425 1838 agitur
1455 1798 1516 1839 (cz)
1535 1796 1583 1830 de

176 1849 365 1894 appetitus
395 1852 491 1887 actu,
519 1855 554 1881 et
573 1847 723 1892 quidem
754 1846 802 1888 (b)
832 1845 910 1879 sive
940 1845 1140 1889 objectum,
1167 1845 1266 1879 circa
1285 1844 1385 1889 quod
1403 1850 1582 1886 versatur,

175 1903 233 1931 est
252 1895 386 1931 rationi
405 1895 588 1935 difforme,
608 1894 685 1928 sive
703 1905 789 1927 non.
818 1891 1027 1936 [286—288.]

225 1961 386 2005 QUAER.
407 1959 454 1993 2⁰.
485 1958 674 2004 Quomodo
691 1958 956 2002 dislingztczlur
971 1956 1264 2000 concupiscentia
1278 1956 1298 1989 .?

222 2025 342 2058 RESP.
363 2021 411 2056 10.
456 2022 617 2056 Ratione
659 2022 900 2061 intimitatis,
935 2027 991 2054 est
1027 2020 1273 2064 gravissima,
1317 2030 1413 2065 quae
1455 2018 1550 2053 tollit
1573 2031 1582 2061 3

168 2072 316 2116 gravis,
336 2081 432 2115 quae
446 2069 660 2104 notabiliter
677 2068 834 2113 impedit
850 2083 858 2109 ;
878 2079 922 2102 ae
940 2069 1043 2110 levir,
1059 2079 1154 2112 quae
1172 2067 1232 2101 vix
1249 2067 1453 2112 perturbat,
1473 2077 1581 2100 usum

173 2118 339 2153 rationis.
367 2115 572 2161 [289—291.]

223 2184 342 2217 RESP.
362 2182 414 2216 2⁰.
442 2181 603 2215 Ratione
633 2182 736 2214 moai
761 2192 832 2225 quo
856 2180 1017 2225 pendeat
1045 2191 1089 2214 ex
1114 2178 1260 2213 actibus
1287 2178 1506 2221 voluntatis,
1525 2183 1582 2212 est

174 2230 397 2273 mllecedens,
416 2240 523 2274 quae,
541 2239 663 2280 neque
692 2230 733 2262 in
762 2239 809 2269 se,
835 2239 957 2272 neque
987 2228 1028 2260 in
1058 2238 1180 2270 causa,
1209 2232 1266 2260 est
1285 2225 1518 2266 voluntaria3
1544 2231 1582 2258 et

172 2288 403 2322 consequens,
422 2287 530 2321 quae,
559 2287 637 2309 sive
664 2277 705 2309 in
730 2287 777 2314 sc,
808 2275 885 2309 sive
913 2276 954 2308 in
984 2285 1109 2315 causa,
1127 2273 1337 2307 voluntaria
1355 2279 1420 2307 est.
1475 2272 1581 2317 Quae

173 2325 402 2359 illustrantur
427 2335 498 2368 v.g.
517 2334 561 2357 ex
579 2322 829 2357 delectatione
859 2321 1010 2365 carnali,
1029 2328 1091 2356 aut
1109 2332 1152 2355 ex
1177 2319 1364 2355 desiderio
1381 2319 1580 2354 vindictae.

171 2370 288 2417 [292]

222 2465 481 2498 PRINCIPIUM
515 2464 542 2497 Ι.
573 2463 876 2508 Concupiscentia
906 2462 1145 2505 antecedens,
1175 2472 1248 2507 quo
1275 2461 1440 2506 gravior
1468 2463 1522 2494 est
1545 2462 1582 2493 et

171 2512 431 2551 veliementior,
464 2522 503 2544 eo
537 2511 660 2553 magis
685 2511 881 2544 imminuit
905 2510 1177 2553 voluntarium,
1195 2513 1231 2543 et
1258 2509 1338 2543 ideo
1360 2510 1581 2553 peccatum‚·

168 2560 284 2593 immo
294 2562 428 2604 potest,
446 2559 482 2592 si
495 2557 719 2602 gravissima
735 2558 795 2601 sil,
813 2569 837 2591 a
848 2559 995 2602 peccalo
1012 2557 1163 2591 omnino
1187 2567 1373 2590 excusare.
