1716 2729
213 62 293 112 196
798 60 1029 102 Tractatus
1446 60 1628 115 [GURY5

207 177 281 218 alii
314 183 417 231 post
449 190 550 218 eum
575 175 700 228 TT.,1
721 178 777 218 de
809 177 894 218 illis
917 178 991 231 qui
1027 191 1168 218 vanae
1189 176 1357 230 gloriae
1391 177 1627 227 desiderio,

205 246 276 287 vel
310 245 397 287 alio
429 247 653 299 ejusmodi
694 246 857 288 affectu
894 247 1222 300 peccaminoso,
1256 251 1490 300 tantopere
1531 246 1623 286 affi-

206 317 394 365 ciuntur,
428 321 490 365 ut,
534 316 708 357 etiamsi
746 316 857 357 haec
894 329 983 357 non
1014 316 1099 356 sibi
1137 320 1390 369 proponant
1423 320 1471 355 ut
1513 313 1625 355 fines

207 386 385 439 agendi,
416 392 568 427 tamen
593 386 656 427 ita
678 386 769 427 sint
800 387 952 427 animo
975 385 1124 426 affecti
1148 391 1196 425 ut
1218 384 1302 424 nisi
1326 398 1378 424 ea
1401 384 1629 432 adessent,

208 461 334 496 actus
357 455 500 496 bonus
525 456 580 496 de
602 469 691 509 quo
715 455 862 509 agitur
883 455 1066 495 minime
1098 454 1345 495 eliceretur.

271 533 366 576 557.
402 524 596 573 Etenim,
638 530 687 565 ut
725 537 816 565 rem
852 524 1042 577 exponit
1088 520 1316 577 Esparza,2
1337 523 1436 576 quis
1473 528 1625 576 potest

208 593 385 644 duobus
408 593 553 634 modis
586 592 806 646 ejusmodi
831 592 1064 633 affectibus
1097 593 1263 634 moveri
1295 593 1352 633 ad
1385 593 1629 646 agendum,

209 662 272 715 (a)
305 662 462 702 directe
494 668 538 702 et
564 662 762 715 positive,
784 661 820 702 si
842 661 1028 702 affectus
1051 661 1107 702 de
1129 675 1218 715 quo
1252 661 1400 715 agitur
1422 661 1480 701 sit
1512 661 1629 701 ratio

209 731 374 781 directe
408 731 593 779 intenta,
616 737 798 783 propter
835 743 970 783 quarn
1004 736 1130 770 actus
1152 730 1383 780 eliciatur;
1427 730 1484 782 (b)
1509 730 1626 770 indi-

209 807 315 841 recte
344 807 522 841 tantum
546 807 590 840 et
625 799 832 852 negative,
854 800 890 839 si
923 799 980 840 sit
1002 798 1231 851 objectum
1255 799 1471 853 simplicis
1503 813 1627 840 com-

208 869 471 923 placentiae,
487 883 602 922 quae
619 875 803 909 eatenus
820 874 996 909 tantum
1015 874 1081 908 est
1102 882 1236 909 causa
1249 875 1389 918 actus,
1404 874 1626 922 quatenus

208 937 328 978 tollit
369 937 680 978 difficultatem
730 937 958 990 quandam
1011 950 1126 989 quae
1177 936 1374 990 alioquin
1427 936 1627 978 obstaret

211 1007 452 1059 quominus
475 1013 601 1047 actus
623 1006 867 1047 eliceretur.

273 1077 366 1126 558.
400 1075 676 1129 Exemplum
699 1075 857 1129 prioris
882 1075 945 1127 (a)
967 1080 1034 1115 est
1056 1073 1100 1114 in
1123 1088 1176 1114 eo
1193 1075 1269 1128 qui
1291 1074 1626 1127 eleemosynam

212 1144 313 1184 ideo
335 1144 521 1197 largitur
543 1150 591 1185 ut
623 1143 856 1184 hominum
879 1143 1062 1197 plausus
1079 1149 1394 1195 consequatur.
1457 1142 1629 1183 Exem=

212 1212 335 1264 plum
359 1212 539 1252 alterius
573 1211 636 1265 (b)
674 1212 716 1251 in
743 1225 796 1252 eo
818 1218 885 1252 est
916 1212 1005 1265 qui,
1028 1225 1166 1265 quum
1201 1212 1534 1264 eleemosynam
1567 1225 1626 1251 ex

214 1281 384 1320 motivo
406 1281 637 1321 charitatis
672 1281 869 1334 largitur,
891 1279 1009 1321 hunc
1041 1286 1191 1321 actum
1214 1280 1514 1334 apprehendit
1538 1293 1626 1320 non

213 1348 359 1389 solum
385 1355 432 1389 ut
463 1348 768 1389 conferentem
791 1349 848 1390 ad
872 1349 1011 1390 vitam
1043 1355 1285 1398 aeternam,
1309 1349 1387 1389 sed
1419 1349 1555 1390 etiam
1579 1355 1629 1389 ut

215 1418 367 1471 magni
399 1418 685 1459 aestimatum
712 1418 831 1471 apud
865 1417 1081 1468 homines,
1103 1425 1239 1472 atque
1275 1419 1388 1459 adeo
1411 1419 1545 1460 etiam
1579 1424 1631 1459 ut

213 1486 397 1529 omissio
419 1485 514 1539 ejus
536 1486 593 1527 sit
614 1486 744 1527 valde
767 1487 1064 1540 ignominiosa
1084 1501 1093 1528 :
1115 1488 1197 1528 etsi
1220 1488 1338 1528 enim
1362 1487 1631 1540 temporalia

215 1555 325 1595 haec
347 1555 587 1596 commoda
622 1555 839 1608 largiendi
876 1555 1210 1609 eleemosynam
1233 1555 1633 1610 apprehenduntur

217 1637 294 1676 per
316 1623 578 1677 simplicem,
610 1629 660 1664 ut
693 1625 831 1673 aiunt,
861 1624 1249 1678 complacentiam,
1282 1638 1427 1677 neque
1463 1625 1647 1665 directe¹

219 1692 512 1732 intenduntur
542 1698 592 1733 ut
623 1691 733 1732 fines
765 1693 941 1746 agendi,
962 1699 1113 1733 tamen
1139 1693 1325 1734 dubium
1349 1706 1445 1733 esse
1477 1694 1633 1746 nequit

221 1761 327 1813 quin
352 1761 403 1800 iis
425 1761 668 1814 propositis
690 1761 863 1801 facilior
883 1760 1100 1802 efficiatur
1120 1761 1432 1815 eleemosynae
1455 1761 1634 1816 largitio

221 1834 265 1869 et
281 1828 503 1869 difficilior
517 1828 718 1882 ejusdem
736 1829 919 1870 omissio
937 1844 946 1880 ;
969 1830 1183 1870 minuitur
1198 1831 1315 1870 enim
1333 1830 1398 1871 vis
1421 1831 1636 1872 avaritiae

222 1903 357 1951 atque
380 1898 566 1939 aliorum
590 1898 846 1951 hujusmodi
870 1899 1139 1940 motivorum
1163 1913 1277 1952 quae
1299 1900 1549 1940 absterrent
1577 1900 1634 1941 ab

223 1967 509 2020 eleemosyna
559 1967 800 2021 largienda.
884 1967 1035 2022 Quum
1077 1981 1212 2021 saepe
1253 1968 1387 2021 igitur
1428 1982 1479 2008 ea
1521 1982 1653 2022 quae·

227 2035 421 2076 difficilia
443 2041 548 2076 sunt
570 2036 673 2076 ideo
696 2036 894 2090 praecise
916 2050 1004 2077 non
1028 2036 1152 2086 fiant,
1176 2037 1280 2090 quia
1302 2043 1406 2078 sunt
1427 2036 1638 2085 difficilia,

226 2107 289 2146 ita
312 2111 372 2153 ut,
394 2104 580 2145 caeteris
614 2105 808 2158 paribus,
830 2105 1034 2146 facienda
1056 2111 1205 2146 essent
1238 2106 1274 2146 si
1299 2105 1538 2146 difficultas
1560 2106 1639 2146 ab-

228 2181 357 2222 esset,
379 2179 555 2214 constat
587 2173 768 2223 motiva,
790 2174 852 2214 sic
873 2187 952 2227 per
981 2173 1227 2227 simplicem
1263 2174 1635 2227 complacentiam

230 2242 520 2296 apprehensa,
537 2242 619 2282 etsi
643 2241 766 2282 nullo
783 2242 921 2283 modo
941 2242 1029 2283 sint
1043 2242 1209 2283 directe
1232 2243 1418 2292 intenta,
1437 2241 1658 2283 indirecte*

232 2313 391 2353 saltem
434 2318 478 2352 et
519 2310 715 2364 negative
756 2312 811 2351 ad
854 2317 1003 2352 actum
1042 2324 1220 2352 movere
1261 2325 1392 2365 posse
1437 2310 1638 2352 tollendo

281 2454 388 2485 ¹Vid.
421 2465 488 2495 v.g.
522 2452 671 2494 Struggl‚
711 2453 817 2484 Theol.
851 2453 1057 2493 Dqgmatica,
1093 2454 1183 2485 Part.
1220 2463 1248 2486 Ι.
1278 2459 1376 2486 tract.
1408 2453 1454 2485 iv.
1487 2453 1574 2494 disp.
1606 2461 1640 2492 4,

233 2498 398 2571 quaelsffdi.
421 2503 481 2529 art.
497 2507 528 2537 4.
548 2507 606 2528 nn.
625 2505 656 2535 2,
674 2505 716 2537 33
741 2498 874 2538 Sporer,
895 2497 1006 2529 Tract.
1027 2506 1055 2529 1.
1073 2508 1148 2539 cap.
1166 2498 1213 2529 iii.
1232 2509 1266 2530 n.
1282 2498 1330 2530 16.

352 2551 361 2572 1
390 2565 397 2574 x
