1716 2729
158 77 181 106 2
751 64 978 104 Tractatus
1376 60 1553 115 [GURY‚

159 182 291 221 homo
319 180 461 220 tendit
492 180 535 220 in
567 179 731 220 bonum
765 179 1088 232 apprehensum
1121 190 1197 230 per
1227 190 1396 225 sensus,
1420 182 1553 230 atque

160 248 388 290 rationalis
409 262 484 288 seu
505 248 697 300 superior
719 249 848 299 (quae
870 246 1004 286 etiam
1026 245 1220 285 voluntas
1239 243 1451 296 vocatur),
1466 257 1554 297 quo

160 316 304 358 tendit
325 317 368 356 in
391 316 556 356 bonum
581 314 904 368 apprehensum
927 328 1004 367 per
1026 310 1331 353 intellectum.1

223 393 255 436 5.
291 385 462 424 Bonum
497 384 539 423 in
572 396 731 435 genere
762 381 972 422 definitur
1003 380 1053 420 id
1078 380 1192 435 quod
1217 386 1280 420 est
1307 379 1441 420 alicui
1464 393 1555 420 con-

163 452 364 499 veniens,·
411 456 543 503 atque
576 449 744 501 duplex
786 448 1082 500 distinguitur,
1126 447 1312 488 alterum
1352 447 1557 498 sensibile,

164 522 349 561 alterum
373 519 595 560 rationale.
660 519 831 558 Bonum
863 516 1058 557 sensibile
1088 516 1195 556 illud
1226 523 1292 556 est
1314 516 1432 570 quod
1454 530 1557 557 con-

165 588 282 628 venit
303 588 460 637 sensui,
480 601 562 639 vg.
580 587 701 626 cibus
714 583 1149 635 delectabilis‚dulcis
1163 584 1354 625 musicae
1374 585 1556 626 sonitus.

166 657 338 697 Bonum
355 656 567 697 rationale
582 661 648 695 est
668 655 772 695 illud
788 655 907 707 quod
925 654 1129 695 convenit
1144 661 1326 694 naturae
1344 655 1556 704 rationali,

165 739 252 778 qua
272 725 371 766 talis
394 731 470 774 est,
492 738 574 777 vg.
598 737 767 764 servare
789 729 1069 776 praeceptum
1106 736 1131 762 a
1161 723 1383 775 superiore
1417 723 1557 776 impo-

167 794 314 834 situm.
377 793 637 846 Aliquando
670 792 712 831 in
749 792 905 832 eodem
937 790 1112 843 objecto
1143 792 1361 832 invenitur
1391 792 1557 833 bonum

171 854 399 914 utriusque
431 861 633 914 generis;
663 874 748 913 vg„
788 860 823 900 si
863 860 959 912 quis
1002 860 1225 899 recreandi
1257 860 1393 900 animi
1425 874 1557 901 causa

167 944 254 982 quo
276 930 418 983 aptior
439 929 652 969 efficiatur
683 928 738 968 ad
762 941 840 968 sua
868 927 1018 968 munia
1049 927 1326 980 perficienda,
1350 929 1558 982 suscipiat

167 999 248 1038 iter
269 1012 346 1051 per
376 998 472 1038 loca
503 1010 689 1037 amoena
719 996 983 1037 faciendum.
1045 995 1303 1048 Aliquando
1334 1002 1483 1036 autem
1514 996 1558 1036 in

169 1065 341 1118 objecto
375 1072 441 1106 est
474 1067 640 1106 bonum
682 1064 809 1105 unius
851 1065 1074 1104 duntaxat
1116 1064 1323 1104 rationis:
1375 1064 1436 1104 sic
1475 1077 1558 1117 v.g.

169 1148 339 1174 servare
372 1134 590 1187 jejunium
628 1132 993 1187 quadragesimae
1026 1137 1092 1172 est
1132 1131 1298 1172 bonum
1333 1132 1559 1182 rationale,

170 1203 286 1243 haud
300 1216 403 1242 vero
420 1202 625 1243 sensibile
644 1215 652 1242 :
675 1215 699 1242 e
721 1206 873 1242 contra
887 1213 1040 1240 carnes
1057 1199 1163 1239 feria
1184 1205 1312 1240 sexta
1330 1201 1559 1241 comedere

171 1271 377 1310 adversus
419 1270 629 1312 ecclesiae
679 1269 1011 1322 praescriptum,
1054 1267 1135 1307 etsi
1187 1267 1304 1307 bono
1355 1268 1559 1308 rationali

171 1339 436 1388 adversatur,
458 1338 622 1378 bonum
646 1344 795 1378 tamen
817 1335 1024 1377 sensibile
1045 1341 1121 1376 est.

228 1408 267 1447 6.
299 1405 457 1447 Sensus
488 1413 700 1459 tanquam
737 1406 854 1446 bona
889 1403 1183 1457 apprehendit
1225 1417 1277 1443 ea
1312 1403 1407 1443 sola
1447 1417 1560 1457 quae

172 1475 288 1513 bona
324 1480 425 1513 sunt
461 1474 712 1514 sensibilia:
745 1472 977 1513 intellectus
1009 1485 1111 1512 vero
1147 1477 1360 1523 tanquam
1393 1472 1559 1513 bonum

173 1541 500 1594 apprehendere
532 1541 650 1582 valet
678 1540 902 1593 objectum
935 1540 1121 1592 quodvis
1153 1539 1196 1578 in
1228 1553 1315 1592 quo
1345 1539 1456 1580 ratio
1485 1540 1560 1580 ali-

174 1609 296 1660 cujus
318 1608 434 1657 boni,
456 1609 546 1648 sive
568 1608 791 1648 rationalis
813 1608 904 1648 sive
926 1607 1154 1656 sensibilis,
1176 1607 1396 1648 invenitur
1414 1622 1423 1658 ;
1457 1621 1559 1648 nam

175 1676 421 1716 intellectus
452 1676 568 1716 haud
602 1676 745 1716 minus
768 1689 901 1728 quam
934 1689 1098 1725 sensus,
1120 1676 1200 1715 etsi
1234 1676 1368 1716 modo
1390 1676 1561 1716 diverso

176 1759 225 1785 ac
245 1743 514 1796 perfectiore,
536 1743 709 1795 objecta
730 1743 953 1784 sensibilia
975 1741 1295 1798 apprehendit.2

233 1824 272 1864 7.
305 1812 454 1866 Quum
495 1813 558 1852 ita
597 1813 889 1853 constituatur
927 1812 1061 1852 homo
1097 1818 1145 1852 ut
1189 1813 1231 1852 in
1273 1813 1380 1853 illud
1418 1812 1559 1853 solum

180 1882 342 1921 seratur
362 1880 480 1932 quod
509 1880 590 1920 sub
622 1881 768 1933 aliqua
790 1881 959 1921 ratione
991 1880 1295 1933 apprehendat
1317 1887 1365 1921 ut
1382 1881 1562 1930 bonum,

175 1949 373 2001 sequitur
386 1954 621 2001 utrumque
635 1949 881 2001 appetitum
898 1949 958 1988 ita
972 1962 1029 1988 ex
1044 1948 1253 1989 facultate
1267 1949 1562 2001 cognoscendi

175 2017 378 2069 pendere,
393 2022 440 2056 ut
463 2022 653 2068 nequeat
669 2016 891 2069 appetitus
913 2015 1137 2068 objectum
1156 2016 1334 2070 aliquod
1354 2016 1561 2069 amplecti

175 2085 315 2125 donec
349 2084 477 2124 fuerit
510 2084 659 2136 aliquo
701 2084 845 2133 modo,
882 2084 950 2124 vel
986 2084 1184 2124 sensibus
1217 2085 1286 2125 vel
1325 2085 1563 2134 intellectu,

175 2153 401 2205 cognitum
420 2165 429 2201 3
449 2151 672 2204 appetitus
688 2152 803 2191 enim
820 2152 924 2205 ipse,
941 2152 1032 2191 sive
1051 2151 1227 2192 inferior
1243 2152 1334 2193 sive
1355 2154 1560 2206 superior,

163 2221 361 2274 facultas
390 2233 506 2259 caeca
527 2224 605 2267 est,
628 2219 791 2272 quippe
823 2232 936 2272 quae
958 2219 1139 2259 minime
1168 2220 1312 2260 valeat
1338 2221 1562 2273 objectum

175 2288 355 2329 scrutari
378 2288 433 2328 ad
455 2287 803 2339 dignoscendum
820 2292 966 2327 utrum
983 2286 1147 2327 bonum
1169 2288 1226 2328 sit
1247 2294 1291 2328 et
1312 2288 1560 2341 eligendum

175 2372 230 2398 an
253 2371 352 2398 non.

439 2502 538 2533 ¹Vid.
555 2503 749 2544 Tongiorgi,
769 2503 883 2535 I-0stit.
902 2503 1006 2540 Phil„
1025 2502 1099 2534 Lib.
1119 2502 1166 2534 iii.
1185 2513 1216 2533 n.
1236 2509 1308 2543 503.

437 2546 451 2567 ²
463 2546 516 2578 Cf.
533 2545 580 2577 id.
595 2546 677 2577 ibid.
