1716 2729
175 72 228 122 78
773 69 1002 110 Tractatus
1402 68 1577 123 [GURY‚

173 186 325 226 occulto
365 185 585 238 peccatori
616 184 786 237 publice
814 184 1017 237 petenti‚·1
1051 184 1155 237 quia
1197 184 1399 237 quamvis
1437 185 1580 224 sacri-

174 253 340 306 legium
382 253 496 293 illius
538 252 613 305 qui
656 252 735 294 SS.
791 252 1116 293 Eucharistiam
1172 252 1352 305 indigne
1395 251 1581 304 suscipit

177 322 342 362 malum
368 322 637 361 horrendum
666 326 746 369 est,
768 327 917 361 tamen
951 322 1078 361 adest
1104 320 1214 360 ratio
1249 319 1583 373 proportionate

176 391 321 444 gravis
364 403 440 430 cur
476 396 803 430 sacramentum
842 390 886 429 in
924 390 991 430 his
1025 404 1168 431 rerum
1205 389 1426 442 adjunctis
1451 389 1580 429 mini-

176 466 361 510 stretur;
399 459 563 499 etenim
598 459 762 498 damna
798 458 938 498 multa
972 459 1173 510 graviora
1210 458 1427 498 orirentur
1455 457 1490 497 si
1519 457 1582 498 sic

177 527 518 569 ministrandum
542 539 630 566 non
654 531 770 566 esset
789 539 798 575 ;
832 539 890 565 ex
913 526 1071 578 quibus
1093 526 1177 567 hoc
1200 526 1485 579 praecipuum
1503 530 1583 575 est,

180 596 300 650 quod
343 585 385 636 si
420 595 670 635 sacerdotes
712 594 937 643 deberent,
979 594 1115 634 immo
1157 594 1192 634 si
1235 593 1352 634 licite
1388 599 1584 646 possent,

179 669 505 706 sacramentum
530 662 658 702 alicui
675 662 841 714 publice
859 663 1028 716 petenti
1057 663 1277 715 denegare
1299 661 1357 701 ob
1378 661 1584 702 occultum

178 738 423 786 peccatum,
446 731 620 771 evenire
642 736 792 782 posset
813 736 863 770 ut
892 729 1044 771 fideles
1074 730 1207 770 etiam
1242 730 1424 770 omnino
1459 728 1583 782 digni

177 801 251 853 qui
269 799 528 840 accederent
542 799 597 838 ad
616 797 986 838 Communionem
1004 798 1341 851 suscipiendam,
1360 804 1510 838 tamen
1526 811 1585 837 ex

176 868 280 908 odio
313 872 389 909 aut
425 866 724 920 imprudentia
759 867 1001 907 sacerdotis
1034 867 1272 919 aliquando
1290 866 1584 919 rejicerentur,

177 936 295 988 quod
318 936 499 988 quidem
528 935 749 985 timentes,
778 948 914 987 quum
949 935 1044 975 sine
1074 948 1238 988 magno
1273 935 1419 975 famae
1453 933 1586 974 detri-

180 1010 329 1044 mento
351 1003 443 1044 fieri
467 1017 555 1044 non
578 1010 741 1056 posset,
763 1003 916 1043 fideles
939 1004 1265 1044 deterrerentur
1286 1016 1342 1043 ne
1363 1002 1420 1043 ad
1443 1015 1584 1043 sacra-

179 1078 378 1113 mentum
401 1071 692 1112 accederent.2

241 1144 309 1192 15⁰
340 1140 387 1181 Si
409 1141 554 1193 gravis
577 1140 725 1192 aliqua
747 1153 880 1179 causa
900 1140 1040 1189 adest,
1059 1152 1141 1192 vg.
1162 1138 1369 1179 notabilis
1391 1135 1587 1186 utilitas?

178 1222 266 1249 non
289 1214 445 1261 peccat
468 1207 541 1248 ille
570 1208 656 1260 qui,
691 1207 878 1260 pecunia
910 1220 1055 1259 egens,
1090 1220 1170 1246 nec
1208 1205 1386 1245 aliunde
1423 1204 1586 1245 habere

177 1276 340 1326 valens,
381 1281 583 1316 mutuum
627 1281 752 1328 petat
793 1275 850 1316 ab
901 1275 1099 1315 usurario
1154 1274 1322 1314 lucrum
1372 1272 1585 1325 injustum

179 1352 417 1394 exactur03
457 1345 560 1398 quia
596 1345 830 1398 pecuniam
867 1344 1056 1384 mutuari
1094 1344 1231 1396 (quod
1262 1341 1461 1396 profecto
1493 1355 1582 1382 non

178 1420 244 1454 est
254 1421 338 1466 per
355 1427 408 1462 sc,
426 1413 503 1453 sed
518 1419 598 1465 per
616 1412 807 1452 accidens
826 1417 1014 1461 tantum,
1030 1425 1162 1453 causa
1184 1411 1327 1451 malae
1341 1410 1582 1450 voluntatis

177 1482 379 1535 usurarii)
401 1488 468 1522 est
490 1487 615 1521 actus
637 1481 681 1521 in
703 1495 750 1521 se
773 1480 954 1521 omnino
986 1480 1243 1520 indifferens
1262 1494 1270 1529 ;
1308 1485 1441 1531 atque
1473 1480 1584 1519 ratic·

178 1551 510 1604 proportionate
547 1549 704 1602 gravis,
736 1563 811 1590 cur
842 1548 983 1598 liceat,
1015 1548 1236 1588 invenitur
1258 1547 1301 1586 in
1325 1561 1377 1588 eo
1400 1547 1518 1600 quod
1549 1547 1585 1586 si

178 1620 494 1673 prohiberetur,
511 1618 844 1658 incommodum
868 1617 1049 1658 omnino
1073 1617 1255 1656 nimium
1280 1617 1582 1669 imponeretur

178 1687 227 1727 iis
250 1687 323 1740 qui
346 1686 533 1739 pecunia
554 1691 698 1738 egent.
760 1685 1083 1725 Verumtamen
1116 1684 1144 1723 ii
1174 1684 1247 1737 qui
1282 1691 1485 1724 mutuum
1520 1685 1583 1725 sic

178 1760 345 1807 petunt,
370 1754 450 1794 nisi
474 1753 590 1794 adsit
612 1767 743 1793 causa
772 1752 1027 1805 hujusmodi
1061 1752 1168 1793 satis
1201 1752 1359 1805 gravis,
1377 1759 1580 1805 peccant,

178 1827 221 1862 et
243 1822 423 1874 quidem
465 1821 700 1874 dupliciter
741 1820 797 1874 (n.
847 1820 968 1871 116),
1005 1820 1163 1860 saltem
1198 1822 1441 1860 secundum
1483 1835 1581 1861 sen-

178 1890 363 1930 tentiam
396 1889 763 1942 probabiliorem:
800 1895 896 1929 tum
918 1889 1127 1929 adversus
1153 1888 1417 1937 charitatem,
1439 1902 1577 1941 quum

177 1959 374 2000 usurario
388 1958 650 2011 praebeatur
667 1957 839 1998 occasio
854 1958 1065 2010 peccandi
1082 1971 1092 2007 ;
1117 1963 1212 1997 tum
1227 1956 1436 1997 adversus
1439 1957 1578 2010 justi-

179 2025 300 2074 tiam,
322 2025 391 2065 cui
414 2025 653 2078 opponitur
674 2031 905 2078 peccatum
928 2024 1048 2073 illud,
1063 2023 1211 2077 injusti
1235 2024 1340 2064 lucri
1358 2025 1580 2078 exigendi,

180 2094 301 2148 cujus
327 2094 499 2134 occasio
531 2093 1044 2147 praebetur—Denique
1083 2092 1173 2133 sive
1206 2093 1332 2132 adest
1358 2093 1449 2133 sive
1490 2107 1578 2134 non

178 2163 304 2203 adest
335 2160 554 2202 sufficiens
583 2162 694 2202 ratio
725 2166 774 2201 ut
806 2161 936 2201 liceat
966 2160 1220 2212 hujusmodi
1250 2160 1418 2212 petenti
1455 2174 1578 2202 occa-

179 2231 346 2272 sionem
369 2230 590 2283 praebere,
613 2243 838 2282 nunquam
864 2241 969 2268 sane
991 2228 1092 2268 licet
1115 2228 1158 2267 in
1188 2234 1371 2281 peccato
1395 2229 1577 2270 usurarii

180 2300 397 2348 delectari,
420 2312 560 2351 neque
594 2298 760 2338 malum
784 2298 900 2337 istud
934 2295 1023 2336 ullo
1047 2296 1192 2346 modo,
1215 2309 1269 2335 ne
1303 2302 1350 2336 ut
1382 2296 1578 2336 medium

218 2430 319 2461 ¹Vid.
337 2440 406 2471 vg.
425 2430 528 2469 Gury‚
549 2429 638 2459 Part.
658 2428 692 2459 ii.
711 2439 744 2458 n.
761 2426 837 2458 218.
858 2428 943 2468 Reg.
964 2427 1034 2458 ΙΙΙ.

217 2474 230 2492 2
242 2473 319 2504 Vid.
339 2474 375 2505 S.
394 2473 499 2514 Alph.
519 2472 594 2502 Lib.
613 2471 642 2502 6.
664 2472 775 2502 Tract.
788 2479 825 2501 νΙ.
850 2471 901 2502 De
917 2469 1138 2501 Sacramentz's
1156 2470 1193 2500 2'72
1213 2470 1341 2507 Genere,
1360 2479 1394 2500 n.
1412 2476 1465 2507 49.

218 2517 318 2547 3Vid.
340 2517 372 2549 S.
394 2516 512 2557 Alph.,
533 2514 608 2546 Lib.
629 2523 659 2554 3.
687 2515 799 2545 Tract.
819 2522 848 2554 3.
872 2515 925 2544 De
945 2514 1113 2553 Praecepto
1140 2513 1338 2551 Chamffitis,
1359 2522 1391 2543 n.
1406 2519 1449 2550 49
1466 2511 1499 2542 in
1513 2510 1569 2541 fin.
