1716 2729
184 117 199 145 1
215 117 265 147 10
769 104 809 144 T
806 111 998 145 metatus
1411 105 1589 159 [GURY‚

174 221 455 274 operationem
499 220 764 261 subsecutam
814 221 879 261 ad
915 220 1038 260 illam
1079 221 1404 262 dubitationem.
1469 222 1587 262 Nam

175 292 378 345 quamvis
411 304 493 344 ego
525 304 614 331 non
636 290 719 330 sim
751 290 1107 343 reprehensibilis
1129 304 1181 331 eo
1203 292 1323 345 quod
1355 305 1438 331 non
1458 290 1587 332 liabeo

173 361 411 410 scientiam,
461 360 588 409 [sicut
630 373 713 413 v.g.
756 365 952 408 venator,
986 359 1075 412 qui,
1109 360 1312 400 adhibita
1354 360 1586 413 diligentia

174 429 344 479 morali,
375 429 485 469 scire
522 428 675 480 nequit
708 434 856 468 utrum
894 427 1030 467 homo
1052 441 1108 467 an
1146 427 1238 468 fera
1269 429 1325 468 sit
1357 427 1583 480 objectum

172 499 286 539 inter
327 498 511 538 dumeta
543 497 697 546 latens,
730 496 883 548 utique
925 509 1013 535 non
1045 501 1112 537 est
1143 494 1499 549 reprehensibilis
1530 510 1583 537 eo

171 568 291 620 quod
334 566 416 606 hac
457 566 641 606 scientia
682 564 832 618 caret]‚
875 570 1026 605 tamen
1076 564 1167 605 fieri
1220 571 1368 618 potest
1409 572 1457 606 ut
1498 565 1582 605 sim

172 637 370 677 maxime
393 634 750 688 reprehensibilis
773 635 807 674 si
831 640 933 687 post
955 634 1077 674 illam
1101 635 1430 675 dubitationem
1453 634 1581 675 nihil-

169 706 346 746 ominus
376 704 533 757 prodeo
573 704 618 743 in
658 703 865 743 actionem
908 703 964 743 de
1015 717 1103 756 qua
1145 703 1202 743 ob
1243 704 1580 756 urgentissimas

167 775 359 815 rationes
398 772 660 814 dubitabam
704 785 760 812 an
803 777 921 812 esset
961 772 1274 824 peccaminosa
1318 770 1449 825 [sicut
1495 785 1577 825 v.g.

167 840 522 896 reprehensibilis
557 846 625 880 est
660 846 845 880 venator
876 840 911 879 si
944 853 1050 889 rem,
1073 845 1122 880 ut
1154 853 1299 894 supra,
1321 840 1403 880 etsi
1433 839 1577 880 invin-

165 912 351 953 cibiliter
379 910 597 963 ignorans,
619 909 829 962 glandem
858 914 1010 949 tamen
1040 908 1298 962 plumbeam
1331 922 1355 949 e
1377 908 1577 962 sclopeto

166 981 331 1022 emittit
372 979 415 1018 in
453 977 679 1030 objectum
716 978 772 1018 de
806 991 895 1030 quo
937 976 1242 1029 dubitatur.]”1
1304 977 1374 1018 De
1416 977 1577 1030 quibus

164 1049 371 1091 omnibus
394 1046 520 1100 plura
542 1047 585 1086 in
609 1046 823 1087 Tractatu
846 1046 896 1085 de
920 1044 1185 1087 Conscientia
1206 1045 1467 1086 videbimus.

222 1119 316 1167 283.
335 1116 409 1156 Ex
420 1115 487 1155 his
500 1120 625 1169 patet
639 1113 991 1168 propositionem
1009 1118 1084 1153 2am
1096 1114 1152 1153 ab
1166 1113 1434 1154 Alexandro
1442 1113 1507 1154 VI
1517 1114 1533 1154 Ι
1544 1114 1575 1153 l.

162 1188 440 1236 damnatam,
474 1184 713 1224 “Tametsi
736 1183 866 1223 detur
887 1183 1140 1236 ignorantia
1171 1183 1436 1224 invincibilis
1464 1183 1576 1236 juris

162 1262 359 1305 naturae,
395 1254 516 1303 haec,
554 1254 599 1293 in
634 1258 753 1293 statu
797 1257 983 1292 naturae
1021 1251 1185 1304 lapsae,
1219 1257 1480 1305 operantem
1515 1267 1573 1293 ex

160 1326 257 1379 ipsa
279 1337 368 1364 non
389 1327 577 1363 excusat
594 1336 620 1362 a
641 1327 827 1374 peccato
850 1319 1062 1370 formali‚’'
1086 1334 1174 1361 non
1197 1320 1298 1361 ideo
1312 1321 1571 1362 damnatam

159 1407 256 1435 esse
297 1392 418 1446 quod
470 1396 655 1444 negaret
707 1404 732 1429 a
774 1395 960 1442 peccato
1002 1402 1219 1430 excusare
1274 1390 1571 1443 ignorantiam

157 1463 456 1505 invincibilem
479 1460 663 1502 secundi
691 1460 865 1514 generis
887 1459 1103 1500 hactenus
1127 1460 1337 1512 expositi.
1404 1460 1573 1500 Exem-

155 1532 281 1587 plum
313 1532 431 1573 enim
463 1530 678 1571 traditum
711 1529 909 1569 ostendit
932 1528 1076 1581 reipsa
1097 1527 1304 1568 affirmari
1328 1541 1417 1568 non
1439 1541 1571 1582 posse

157 1601 454 1655 ignorantiam
495 1598 753 1651 hujusmodi
793 1604 956 1649 semper
994 1609 1235 1647 excusare;
1287 1596 1425 1636 immo
1472 1610 1571 1637 eam

160 1682 383 1722 nunquam
419 1680 647 1716 excusare,
681 1666 764 1706 nisi
799 1665 842 1704 in
880 1665 932 1705 iis
966 1664 1140 1705 casibus
1175 1665 1218 1704 in
1256 1665 1417 1718 quibus
1454 1665 1576 1718 longe

148 1738 420 1792 probabilius
454 1738 658 1778 videatur
694 1735 1018 1788 obligationem
1061 1735 1117 1775 de
1159 1748 1247 1788 qua
1284 1741 1441 1789 agatur
1481 1749 1571 1776 non

159 1807 364 1855 existere,
385 1806 549 1846 docent
586 1804 680 1844 TT.
704 1804 731 1843 ii
770 1816 926 1843 omnes
960 1803 1035 1856 qui
1073 1810 1290 1844 vocantur
1326 1803 1572 1845 Probabili-

159 1876 334 1924 mistae,
371 1886 559 1927 quorum
597 1872 777 1926 quidem
815 1872 1050 1921 sententia,
1083 1872 1368 1925 quantumvis
1405 1886 1431 1913 a
1464 1887 1567 1914 vero

159 1945 316 1994 aliena,
345 1949 497 1983 tamen
529 1942 585 1982 ab
620 1941 819 1982 Ecclesia
851 1941 1065 1982 damnata
1086 1942 1250 1982 censeri
1273 1941 1456 1982 omnino
1478 1956 1568 1982 non

159 2018 319 2068 potest.

216 2084 314 2132 284.
350 2080 458 2120 Ideo
475 2085 623 2120 autem
650 2079 808 2120 merito
827 2080 1040 2120 damnata
1062 2084 1129 2119 est
1150 2079 1396 2132 propositio
1418 2079 1565 2130 citata,

157 2153 275 2206 quia,
297 2163 435 2204 quum
457 2148 602 2189 verbis
623 2147 905 2200 generalibus
926 2146 1183 2200 proferatur,
1206 2146 1393 2201 intelligi
1416 2153 1565 2201 potest

158 2224 214 2264 de
256 2217 506 2274 ignorantia
547 2217 790 2258 invincibili
831 2217 986 2270 prioris
1037 2217 1241 2269 generis;
1292 2230 1381 2270 quo
1432 2231 1563 2258 sensu

157 2291 302 2344 reipsa
341 2286 515 2342 prolata
556 2292 622 2326 est
664 2285 720 2325 ab
762 2285 1015 2326 auctoribus
1057 2298 1081 2326 e
1121 2298 1310 2338 quorum
1353 2285 1560 2339 operibus

157 2361 396 2412 desumpta
417 2355 517 2396 est.2

198 2498 209 2517 1
234 2499 287 2529 Ita
304 2496 480 2530 Gonzalez,
496 2493 771 2524 Fundamentum
794 2492 827 2523 T
821 2492 976 2531 neologiae
993 2492 1146 2529 Moralz's,
1167 2491 1258 2524 Diss.
1278 2498 1308 2530 7.
1326 2497 1406 2524 sect.
1426 2492 1470 2523 xi.

199 2544 212 2562 2
235 2542 310 2575 Vid,
338 2540 435 2578 Viva,
453 2538 616 2569 Damnat.
637 2537 729 2567 lees.
760 2536 866 2567 Tlceol.
892 2535 1047 2572 Traiana,
1074 2535 1107 2566 in
1131 2546 1226 2577 prop.
1245 2539 1293 2566 2m
1308 2536 1500 2567 damnatam
1518 2537 1561 2567 ab

157 2585 350 2617 Alexandro
368 2583 470 2614 VIII.
485 2593 495 2621 ς
518 2580 670 2617 Billuart,
694 2580 726 2611 T
721 2585 799 2611 ract.
817 2579 854 2610 de
867 2580 1015 2617 Pacatis,
1037 2579 1126 2610 Diss.
1144 2585 1173 2620 5.
1189 2584 1240 2610 art
1257 2590 1287 2610 v.
