1716 2729
154 142 178 170 2
193 131 240 171 16
746 132 976 173 Tractatus
1385 132 1564 186 [GURY,

153 248 404 301 redarguat,
445 248 593 301 potius
647 262 781 302 quam
834 249 969 290 verba
1019 255 1195 290 tantum
1247 249 1422 300 otiosa),
1464 249 1565 291 ideo

153 316 403 369 suspicatus
437 322 502 357 est
538 317 807 358 Hebraicam
839 332 1008 368 vocem,
1031 332 1055 358 a
1089 318 1266 360 Christo
1298 317 1562 369 adhibitam,

148 385 283 425 fuisse
319 399 417 425 eam
450 399 564 438 quae
601 386 747 426 Exod.
782 401 861 426 xx.
899 397 933 435 7.
967 393 1011 428 et
1044 387 1180 428 Deut.
1214 401 1255 428 v,
1291 397 1359 427 20.
1394 386 1565 440 legitur,

148 461 285 506 atque
337 454 597 494 alterutrum
650 468 828 494 sensum
871 469 975 508 prae
1026 454 1235 509 se‚,feae†ess
1285 460 1448 508 potest,
1488 462 1565 497 aut

150 523 345 572 otiosam,
377 529 425 563 ut
463 523 678 576 interpres
717 523 912 565 Graecus
949 524 1020 564 hic
1057 531 1190 578 atque
1230 524 1375 564 Exod.
1411 538 1488 566 XX.
1526 535 1563 576 7.

151 606 250 632 eam
295 590 517 641 reddidit,1
558 597 633 632 aut
679 591 867 633 mendax
899 599 943 633 et
979 591 1391 644 calumnz'atorz'nm,²
1424 600 1472 635 ut
1508 595 1563 634 si-

149 659 387 714 gnificatur
416 661 549 701 Deut.
573 674 609 701 ν.
635 659 722 702 20.³

209 731 309 770 628,
345 729 522 770 Deinde
546 732 603 780 3⁰,
625 730 719 780 etsi,
742 744 842 771 cum
875 731 1180 771 communiore
1204 730 1288 773 SS.
1315 730 1495 771 Patrum
1520 737 1564 771 et

151 797 443 851 interpretum
468 798 650 851 judicio,
672 799 946 853 intelligatur
979 799 1203 841 Christum
1235 799 1435 840 locutum
1470 813 1565 841 esse

151 867 208 907 de
241 866 377 907 verbo
411 867 554 918 02‘2'050,
581 867 803 909 Scotistae
835 869 1018 909 omnino
1049 875 1216 922 negant
1237 868 1354 910 hunc
1385 875 1562 910 textum

151 935 298 976 favere
319 936 548 977 doctrinae
570 936 919 979 Themistarum.

210 1006 306 1057 629.
342 1005 522 1058 Duplici
545 1006 663 1046 enim
689 1007 823 1047 modo
846 1012 996 1060 potest
1028 1007 1212 1048 verbum
1235 1007 1321 1048 dici
1355 1008 1563 1056 otiosum,

151 1073 327 1114 etiamsi
389 1087 475 1114 non
539 1074 706 1115 existat
781 1075 997 1129 obligatio
1070 1089 1205 1129 quam
1279 1081 1564 1129 propugnant

152 1142 429 1184 Thomistae.
506 1143 686 1184 Etenim
722 1144 866 1184 otiosa
897 1144 1077 1185 indubie
1109 1144 1299 1184 dicenda
1332 1150 1435 1184 sunt
1468 1150 1563 1185 tum

152 1208 223 1265 (a)
256 1211 391 1251 verba
423 1224 551 1263 quae,
575 1212 618 1251 in
652 1226 698 1252 se
730 1212 910 1265 quidem
943 1212 1078 1261 licita,
1101 1212 1384 1266 proferuntur
1415 1218 1565 1253 tamen

150 1279 244 1319 sine
266 1293 401 1320 causa
423 1280 686 1330 rationabili,
709 1283 822 1322 adeo
855 1287 903 1322 ut
936 1282 1043 1322 nulli
1066 1282 1177 1329 usui,
1200 1296 1344 1335 neque
1375 1282 1565 1323 honesto

150 1362 296 1401 neque
347 1349 556 1399 sensibili,
601 1350 871 1400 inserviant3
923 1357 1018 1390 tum
1065 1350 1124 1404 (b)
1166 1351 1299 1391 verba
1349 1364 1464 1403 quae
1505 1351 1563 1391 ob

149 1417 388 1457 utilitatem
427 1419 571 1458 solum
609 1419 864 1460 sensibilem
903 1419 1185 1472 proferuntur
1221 1420 1402 1472 quando
1436 1425 1564 1472 urget

148 1486 366 1539 obligatio
400 1488 697 1540 prosequendi
735 1488 902 1528 bonum
940 1488 1208 1538 honestum;
1256 1501 1401 1541 neque
1443 1487 1561 1528 enirn

149 1553 372 1595 Scotistae
396 1562 561 1608 negant
593 1555 820 1596 hominem
852 1556 1096 1609 aliquando,
1119 1563 1161 1597 et
1194 1556 1375 1610 quidem
1406 1557 1562 1609 διηφίε-

145 1622 265 1671 sime,
288 1623 428 1663 teneri
452 1623 510 1664 ob
548 1623 681 1664 finem
714 1624 952 1665 honestum
986 1638 1144 1677 agere;
1189 1631 1355 1677 negant
1376 1638 1493 1674 vero,
1515 1625 1556 1666 id

150 1691 269 1743 quod
314 1691 541 1732 affirmant
592 1692 870 1743 Thomistae,
913 1693 1233 1746 obligationem
1285 1693 1347 1733 sic
1399 1693 1560 1745 agendi

149 1760 438 1800 mlivcrsalcm
463 1774 569 1809 esse,
593 1774 708 1814 quae
730 1775 873 1802 omues
891 1762 1074 1802 omnino
1097 1762 1294 1803 actiones
1326 1761 1558 1801 hominum

149 1828 483 1880 complectatur.

205 1896 299 1947 630.
333 1896 531 1936 Textum
556 1896 612 1936 de
634 1896 778 1938 verbis
801 1898 946 1951 priore
968 1912 1099 1939 sensu
1131 1898 1285 1938 otiosis
1309 1912 1556 1952 exponens,

147 1963 384 2017 distinguit
426 1963 632 2018 Arriaga⁴
673 1965 763 2006 duo
805 1980 968 2020 genera
1009 1967 1245 2008 verborum
1291 1967 1356 2019 (et
1398 1967 1556 2022 eodem

146 2032 294 2082 modo,
318 2038 366 2072 ut
396 2038 531 2086 patet,
564 2033 778 2087 distingui
801 2040 988 2088 possunt
1017 2036 1108 2076 duo
1137 2049 1300 2089 genera
1328 2037 1555 2077 actionum

146 2114 222 2141 seu
247 2102 474 2154 operum):
499 2101 598 2151 alia,
616 2108 664 2143 ut
687 2103 760 2153 ait,
784 2102 847 2158 (a)
870 2117 986 2157 quae
1008 2103 1066 2144 ob
1088 2104 1228 2144 solam
1252 2103 1555 2157 garrulitatem

148 2169 442 2223 proferuntur,
460 2170 553 2210 sine
577 2170 665 2211 ulla
689 2171 892 2222 utilitate,
908 2172 999 2213 sive
1021 2171 1219 2222 honesta,
1236 2173 1327 2213 sive
1344 2172 1555 2226 physica:

143 2238 229 2278 alia
256 2238 312 2290 (h)
348 2252 462 2291 quae
497 2238 757 2280 ordinantur
790 2241 846 2281 ad
879 2240 1061 2294 aliquod
1098 2247 1280 2282 naturae
1313 2241 1493 2291 bonum,
1516 2241 1553 2281 si

145 2321 231 2347 non
271 2307 522 2357 honestum,
559 2307 717 2348 saltem
755 2309 1004 2362 physicum,
1041 2315 1088 2350 ut
1127 2324 1213 2363 vg.
1232 2310 1267 2350 si
1303 2310 1402 2363 quis
1433 2309 1554 2350 dicat

191 2392 201 2413 1
219 2394 241 2406 ‘⁶
256 2392 335 2422 Non
353 2402 500 2422 assumes
516 2402 637 2423 nomen
658 2392 795 2423 Domini
815 2393 879 2422 Dei
897 2392 943 2423 tui
968 2393 1005 2422 in
1029 2403 1165 2424 vanum.
1214 2394 1288 2424 Nee
1312 2394 1400 2424 enim
1416 2393 1555 2425 habebit

145 2433 314 2465 {montem
332 2435 498 2466 Dominus
514 2446 588 2466 eum
607 2436 662 2476 qui
679 2435 929 2476 assumpserit,'’
946 2442 1024 2473 etc„
1044 2443 1107 2467 etc.

186 2478 198 2496 2
218 2480 239 2493 ‘⁶
256 2479 334 2508 Non
353 2478 497 2519 loqueris
514 2487 627 2510 contra
645 2479 833 2520 proximum
851 2480 1082 2519 tuumsalsmn
1098 2478 1362 2511 testimonium.”

186 2522 198 2539 ³
215 2521 293 2552 Via.
320 2523 472 2563 Arriaga,
497 2523 542 2553 ln
561 2531 589 2553 1.
616 2531 647 2553 2.
673 2523 708 2553 S.
741 2523 890 2561 Thomae,
914 2523 971 2554 Tr.
995 2523 1038 2554 (le
1060 2524 1139 2555 Act.
1166 2524 1346 2563 Humanis,
1367 2523 1466 2565 Disp.
1484 2522 1552 2554 xxi.

145 2574 203 2595 ΠΗ·
221 2573 334 2604 43-44-

187 2608 201 2627 4
215 2609 258 2638 lu
278 2616 301 2638 1.
321 2617 352 2639 2.
371 2609 407 2639 S.
434 2609 582 2646 Tlmmae,
599 2609 654 2639 Tr.
672 2608 713 2640 de
731 2609 806 2640 Act.
826 2609 1004 2647 Humanis,
1017 2610 1114 2652 Disp.
1134 2609 1198 2642 xxi.
1218 2620 1253 2642 n.
1269 2610 1323 2650 46.
