1716 2729
144 49 184 75 n.
205 35 263 88 4.]
553 34 605 75 de
623 35 804 75 Actibus
826 35 1062 76 Humanis.
1488 53 1500 80 1
1513 52 1534 92 3

143 158 293 190 tamen
335 149 690 190 circumstantiae
731 150 913 190 omnino
955 151 1198 201 immemor,
1230 167 1381 195 carnes
1417 169 1537 196 man-

143 217 453 257 ducat—Non
495 216 729 257 defuerunt
769 222 917 257 tamen
971 217 1076 267 TT.,
1127 222 1382 271 praesertim
1425 222 1537 262 inter

143 285 306 332 Gallos,
330 285 403 338 qui
431 291 642 337 negarent
673 285 729 325 ad
761 291 992 337 peccatum
1026 287 1182 339 requiri
1215 288 1534 331 advertentiam

141 368 238 394 eam
281 366 414 406 quam
456 366 496 392 n.
541 363 606 403 31.
649 351 940 403 definivimus,
977 368 1200 407 quamque
1251 356 1277 395 ii
1328 358 1539 398 actualem

139 421 370 469 vocabant,
392 420 600 460 docentes
632 420 688 460 ad
721 427 951 472 peccatum
982 422 1177 462 sufficere
1199 423 1535 474 advertentiam,

139 502 271 541 quam
289 487 520 536 vocabant,
540 486 770 527 virtualem
787 501 863 528 seu
882 488 1264 540 interpretativam‚
1283 503 1396 542 quae
1418 491 1460 530 in
1485 505 1536 531 eo

139 556 396 597 consisteret
418 555 536 608 quod
561 569 696 608 agens
719 555 800 595 etsi
831 556 972 608 reipsa
1003 570 1086 595 uon
1117 557 1363 606 adverteret,
1387 564 1534 599 tamen

137 624 356 665 advertere
381 629 521 676 posset
549 636 599 663 ac
628 622 801 663 deberet.
865 623 916 663 In
946 637 1043 663 eam
1066 626 1332 666 sententiam
1355 627 1535 668 adducti

137 698 240 733 sunt
262 692 518 744 praesertim
542 705 600 730 ex
623 705 675 731 eo
697 692 816 744 quod
839 691 1077 731 censebant
1101 692 1293 745 alioquin
1317 694 1534 734 immunes

138 773 164 800 a
185 759 314 812 culpa
342 759 611 812 reputandos
647 757 738 798 fore
772 759 975 799 homines
998 773 1072 799 eos
1095 759 1428 802 scelestissimos
1449 764 1534 815 qui,

137 824 413 880 passionibus
464 830 597 878 atque
648 827 793 879 pravis
854 828 1245 868 consuetudinibus
1297 830 1535 880 obcaecati,

136 899 318 947 peccata
358 893 557 946 plurima,
595 907 733 946 eaque
772 894 1041 947 gravissima,
1075 896 1271 947 quotidie
1292 902 1531 949 patrarent,

136 963 192 1002 ad
225 963 464 1002 eorundem
497 960 819 1001 inhonestatem
853 962 1033 1001 minime
1062 962 1350 1004 advertentes.
1414 964 1533 1018 Quid

136 1044 240 1070 vero
267 1030 409 1082 reipsa
443 1029 723 1070 sentiendum
761 1030 817 1070 sit
849 1031 905 1071 de
936 1031 1183 1071 istiusmodi
1218 1034 1533 1084 peccatoribus,

140 1096 269 1141 infra1
289 1098 551 1138 videbimus.

196 1171 253 1206 2⁰.
286 1166 376 1207 Ubi
400 1166 625 1218 semiplena
650 1171 823 1206 tantum
847 1172 913 1206 est
934 1167 1213 1217 advertentia,
1235 1169 1355 1221 quod
1386 1183 1466 1222 v.g.
1491 1171 1531 1209 in

138 1233 405 1286 semisopitis
427 1234 584 1281 evenit,
608 1233 665 1272 ibi
699 1240 764 1273 est
787 1240 911 1274 actus
944 1241 1116 1275 tantum
1139 1236 1530 1277 semivoluntarius.

139 1304 273 1343 Porro
312 1301 526 1353 ejusmodi
561 1308 695 1349 actus,
732 1315 972 1354 nunquam,
1004 1316 1058 1342 ne
1095 1303 1138 1342 in
1175 1305 1319 1356 gravis
1353 1305 1531 1357 quidem

137 1369 361 1424 praecepti
415 1370 774 1421 transgressione,
828 1376 1058 1422 peccatum
1112 1371 1289 1412 excedit
1341 1373 1534 1414 veniale:

138 1438 317 1485 etenim,
341 1442 541 1489 spectata
563 1437 801 1489 fragilitate
822 1437 1028 1486 humana,
1051 1440 1170 1478 omni
1179 1453 1246 1487 no,
1269 1445 1317 1479 ut
1338 1446 1476 1492 patet,
1509 1455 1534 1481 a

139 1507 224 1546 Dei
255 1504 453 1545 bonitate
485 1504 677 1544 alienum
701 1511 766 1544 est
799 1506 987 1545 aeternis
1020 1507 1173 1558 poenis
1206 1507 1411 1548 addicere
1433 1522 1532 1549 eum

136 1574 211 1626 qui
232 1573 301 1612 vel
323 1585 455 1625 grave
472 1577 758 1625 praeceptum
781 1573 1010 1613 violaverit
1025 1574 1119 1614 sine
1142 1575 1271 1627 plena
1287 1576 1534 1617 intellectus

136 1639 485 1682 deliberatione.2

198 1712 239 1759 3⁰
260 1709 387 1749 Idem
402 1707 640 1748 dicendum
654 1714 720 1748 est
735 1709 791 1748 de
807 1708 1046 1761 imperfecto
1058 1724 1257 1750 consensu
1272 1711 1535 1752 νοίῑιηῑιῖίίε.3

578 1831 596 1882 ξ
622 1843 659 1872 2.
692 1832 762 1872 De
778 1832 1091 1874 Involuutario.

194 1955 259 1996 43.
292 1942 573 1988 Definitio.
645 1944 1011 1996 Involuutarium,
1035 1947 1070 1986 si
1093 1960 1183 1987 vox
1212 1948 1356 1988 minus
1388 1950 1536 1989 stricte

136 2013 337 2058 sumitur,
360 2018 427 2052 est
449 2011 564 2052 illud
579 2026 700 2052 omne
727 2013 844 2065 quod
859 2027 941 2053 nou
961 2021 1024 2054 est
1044 2015 1353 2055 voluntarium.
1413 2016 1533 2069 Jam-

136 2094 239 2121 vero
267 2080 677 2129 non-voluntarium,
711 2087 755 2120 et
788 2081 888 2121 ideo
922 2081 1262 2123 involuntarium
1294 2084 1377 2124 hoc
1406 2097 1535 2124 sensu

137 2149 282 2188 minus
298 2148 450 2188 stricto
466 2154 705 2200 sumptum,
722 2147 906 2201 intelligi
928 2155 1075 2202 potest
1096 2150 1270 2190 duobus
1292 2151 1445 2200 modis,
1461 2158 1537 2191 aut

138 2215 335 2268 negative
353 2221 429 2256 aut
439 2215 675 2267 privative.
739 2215 786 2256 Si
809 2216 1004 2269 negative
1024 2218 1294 2271 intelligitur,
1317 2218 1535 2271 significat

138 2289 314 2324 tantum
346 2282 582 2323 absentiam
618 2283 881 2324 voluntarii:
913 2285 974 2324 sic
1008 2291 1155 2337 potest
1195 2286 1536 2326 involuntarium

311 2443 323 2462 ²
341 2443 421 2474 Vid.
450 2443 543 2480 infra,
559 2454 614 2474 nn.
636 2452 798 2484 104-110;
825 2450 857 2476 et
873 2455 906 2477 n.
929 2453 1000 2484 192.
1018 2445 1152 2476 Resolv.
1173 2449 1214 2481 1⁰,
1230 2444 1375 2476 60—100.

310 2486 414 2517 2Vid.
435 2487 568 2528 Sporer,
588 2487 701 2518 Tract.
723 2496 751 2518 1.
771 2498 889 2529 cap.v.
907 2498 940 2518 n.
963 2496 1012 2519 12.

311 2529 389 2560 ³1d.
409 2529 492 2560 ibid.
