1716 2729
141 62 184 90 n.
207 46 267 100 5.]
594 46 645 85 de
663 44 845 85 Actibus
865 43 1098 84 Humanis.
1484 55 1534 96 19

138 160 463 204 conditionibus
495 160 550 200 ad
587 157 884 199 voluntarium
917 157 962 198 in
999 170 1130 197 causa
1152 158 1384 210 requisitis,
1407 157 1537 200 infra¹

138 230 360 282 agendum
383 228 477 268 erit.

195 298 262 337 60.
296 296 378 335 Est
419 297 462 346 7⁰
480 293 719 347 positivum
752 293 821 333 vel
863 292 1149 346 negativum,·
1186 306 1275 342 seu,
1311 301 1359 334 ut
1397 296 1458 337 ait
1493 297 1535 339 S.

136 361 362 412 Thomas?
395 361 602 402 directum
633 361 701 400 vel
730 360 997 400 indirectum.
1078 359 1391 401 Voluntarium
1427 365 1536 414 posi-

135 432 290 480 tivum,
312 444 388 471 seu
409 430 629 477 directum,
653 428 760 469 illud
787 434 854 469 est
875 428 995 481 quod
1023 428 1224 481 provenit
1253 442 1279 468 a
1310 429 1537 472 voluntate

135 505 343 552 quatenus
369 499 567 538 voluntas
605 496 731 549 agit‚·
781 510 862 549 v.g.
906 496 1048 548 quivis
1087 503 1212 536 actus
1253 498 1538 549 voluntarius,

136 567 227 607 sive
260 565 441 615 elicitus,
475 565 566 605 sive
607 565 859 616 imperatus
921 563 1235 603 Voluntarium
1278 565 1538 618 negativum,

137 647 212 674 seu
230 633 496 682 indirectum,
512 632 671 672 dicitur
693 631 798 670 illud
821 631 941 683 quod
965 631 1168 683 provenit
1190 645 1215 671 a
1236 632 1464 673 voluntate
1486 648 1538 675 eo

134 702 255 755 quod
277 701 474 741 voluntas
505 713 586 739 non
617 698 742 752 agit,·
774 699 835 738 sic
868 711 966 751 v-g.,
1004 698 1065 739 ait
1098 699 1146 740 S.
1184 698 1416 748 Thomas,3
1437 702 1539 742 sub-

137 769 295 808 mersio
319 768 440 807 navis
462 767 623 806 dicitur
645 779 740 806 esse
762 779 788 805 a
816 765 1109 818 gubernatore
1141 766 1183 805 in
1217 773 1434 819 quantum
1466 769 1539 810 ille

135 836 310 876 desistit
331 849 356 874 a
378 833 679 887 gubernando.

193 904 258 943 61.
322 903 480 955 Neque
514 908 664 941 tamen
706 901 768 941 ita
808 901 952 941 solent
997 901 1091 941 TT.
1124 901 1238 941 hanc
1276 904 1538 946 divisionem

136 984 376 1023 exponere,
401 976 448 1009 ut
470 969 650 1021 quaevis
681 969 930 1009 voluntaria
946 970 1128 1011 omissio
1161 979 1393 1012 censeatur
1413 987 1539 1026 nega-

138 1038 226 1078 tive
257 1051 333 1077 seu
376 1037 578 1077 indirecte
615 1036 875 1076 voluntaria.
970 1036 1103 1090 Quod
1157 1045 1204 1078 ut
1256 1040 1538 1093 intelligatur,

139 1106 385 1147 notandum
408 1110 474 1144 est
505 1103 791 1144 omissionem
813 1104 1109 1145 voluntariam
1144 1119 1273 1159 posse
1307 1109 1539 1162 multiplici

140 1174 274 1213 modo
289 1172 395 1212 fieri.
456 1171 622 1221 Primo,
644 1171 679 1210 si
714 1172 810 1223 quis
845 1185 1055 1224 expresse
1084 1173 1193 1214 nolit
1225 1175 1332 1215 illud
1365 1177 1421 1216 de
1452 1190 1540 1229 quo

140 1248 307 1294 agatur,
320 1253 399 1292 vg.
419 1239 601 1279 Missam
616 1239 788 1289 audire;
805 1245 893 1287 aut,
908 1240 1028 1291 quod
1046 1240 1162 1280 idem
1181 1244 1303 1291 est,si
1321 1257 1539 1296 expresse.

139 1310 245 1350 velit
267 1308 373 1348 illud
396 1307 614 1346 omittere.
680 1306 879 1354 Secunde,
916 1307 951 1345 si
991 1320 1078 1347 non
1113 1309 1293 1361 quidem
1332 1324 1541 1364 expresse

141 1377 245 1417 velit
267 1388 357 1415 rem
380 1374 595 1423 omittere,
616 1373 720 1413 velit
742 1379 892 1413 tamen
925 1374 1092 1427 aliquid
1125 1376 1245 1417 aliud
1268 1392 1398 1431 agere
1421 1381 1540 1432 quod

140 1457 241 1485 cum
273 1442 348 1482 illa
370 1441 730 1493 incompossibile
763 1447 843 1491 est,
867 1455 946 1494 vg.
965 1442 1009 1482 in
1026 1444 1237 1497 exemplo
1249 1445 1344 1498 jam
1364 1448 1541 1498 tradito,

139 1511 262 1552 domi
284 1523 473 1558 manere,
496 1509 540 1548 in
562 1508 756 1561 hospitio
787 1509 949 1559 bibere,
972 1516 1050 1551 etc.
1120 1511 1272 1562 Tertio,
1294 1514 1331 1553 si
1353 1514 1542 1566 positive

139 1594 188 1621 se
208 1578 474 1620 determinet
507 1578 563 1617 ad
596 1577 766 1617 nullum
801 1577 1065 1619 eliciendum
1101 1579 1355 1632 hujusmodi
1392 1589 1541 1623 actum

141 1648 232 1688 sive
252 1646 474 1687 volitionis
496 1645 587 1685 sive
609 1644 845 1685 nolitionis.
899 1645 1073 1698 Quibus
1094 1655 1247 1699 quarto
1268 1653 1543 1692 communior

144 1715 363 1756 sententia
395 1714 530 1754 alium
559 1712 787 1766 subjungit
819 1715 1014 1764 modum,
1047 1730 1179 1768 quern
1215 1725 1376 1759 vocant
1411 1720 1542 1760 ornis-

143 1784 313 1823 sionem
326 1791 503 1835 puram,
524 1794 660 1832 quum
684 1781 769 1821 scil.
793 1781 1012 1832 voluntas,
1034 1791 1272 1838 postquam
1294 1786 1543 1828 intellectus

144 1851 202 1891 ad
225 1850 392 1903 aliquid
415 1849 666 1890 faciendum
689 1849 796 1889 satis
819 1850 1022 1899 advertit,
1045 1851 1152 1892 illud
1187 1852 1330 1896 facere
1351 1862 1543 1909 praeter-

145 1918 293 1966 mittit,
316 1930 460 1969 neque
483 1922 632 1956 tamen
657 1917 720 1970 (a)
737 1917 844 1957 illud
867 1918 1073 1969 nolendo,
1096 1933 1241 1974 neque
1265 1922 1332 1976 (b)
1352 1925 1543 1965 volendo

146 1985 310 2038 aliquid
333 1998 433 2025 cum
457 1998 509 2025 eo
541 1984 912 2038 incompossibile‚
934 1999 1079 2040 neque
1109 1989 1164 2042 (c)
1185 1991 1374 2042 positive
1405 1999 1544 2033 statu-

146 2053 262 2093 endo
292 2052 362 2093 hic
381 2059 424 2092 et
445 2065 562 2093 nunc
578 2052 891 2093 abstinendum
925 2067 1020 2094 esse
1053 2056 1110 2095 ab
1140 2058 1261 2097 omni
1289 2058 1544 2112 hujusmodi

146 2126 263 2169 actu,
285 2121 362 2160 sed
393 2126 568 2161 tanturn
602 2120 665 2172 (d)
697 2120 870 2160 omnino
899 2122 1078 2172 passive
1112 2137 1157 2163 se
1187 2124 1385 2177 habendo,
1424 2129 1545 2170 velut

146 2187 346 2241 potentia
384 2194 570 2237 mortua,
608 2188 722 2228 nullo
765 2188 885 2228 modo
924 2203 968 2229 se
1009 2190 1332 2234 determinando
1372 2195 1440 2234 vel
1487 2198 1541 2235 ad

145 2256 367 2309 agendum
398 2256 468 2296 vel
487 2257 545 2297 ad
567 2270 654 2297 non
676 2255 931 2310 agendumst

190 2399 292 2429 ⁴Vid.
312 2398 444 2436 Suarez,
470 2399 528 2428 Tr.
557 2399 594 2430 de
617 2399 822 2437 Voluntaria,
850 2400 949 2440 Disp.
980 2409 1008 2431 1.
1027 2407 1108 2433 sect.
1137 2413 1194 2440 v.;
1218 2404 1415 2444 Metaphys„
1444 2405 1542 2445 Disp.

152 2450 202 2481 19.
220 2448 301 2473 sect.
319 2441 364 2472 iv.
388 2451 422 2471 n.
447 2439 490 2478 83
517 2442 664 2482 Struggl,
706 2442 811 2474 Theol.
838 2443 974 2483 Dogm„
997 2444 1085 2474 Part.
1109 2453 1139 2475 1.
1164 2446 1277 2477 Tract.
1302 2447 1346 2477 iv.
1380 2447 1477 2488 Disp.
1511 2455 1544 2487 3.

149 2486 287 2525 Quaest.
306 2484 341 2515 ii.
359 2490 421 2514 art.
440 2492 478 2520 2;
505 2483 626 2522 Gonet,
659 2485 749 2516 Part.
776 2494 808 2516 2.
836 2486 948 2517 Tract.
977 2493 1008 2527 5.
1038 2488 1134 2529 Disp.
1162 2489 1209 2520 iii.
1235 2496 1297 2521 art.
1323 2498 1362 2525 2;
1390 2490 1542 2528 Billuart,

155 2529 213 2559 Yr.
231 2529 270 2559 de
290 2529 365 2559 Act.
392 2527 575 2565 Humanis,
597 2527 687 2559 Diss.
709 2536 737 2558 1.
756 2538 819 2558 art.
835 2537 863 2569 3.
