1716 2729
107 89 147 116 n.
170 87 192 116 2
201 79 250 128 5.]
547 77 601 117 de
619 75 802 117 Actibus
821 76 1060 117 Humanis,
1428 89 1443 117 1
1456 86 1474 129 5
1484 85 1510 129 5¹

104 192 321 244 praevidit
344 192 583 245 periculum
606 191 856 232 omissionis
877 199 1116 232 secuturae.
1181 192 1305 234 Sicut
1327 193 1442 233 enim
1468 193 1511 234 in

105 259 324 312 ejusmodi
347 260 522 301 casibus
544 259 741 300 formalis
777 274 853 300 seu
878 259 1122 313 subjectiva
1161 262 1348 301 actionis
1371 275 1510 302 mora-

104 326 205 368 litas
227 342 278 368 ea
303 328 396 369 sola
420 334 485 368 est
504 341 618 381 quae
640 328 753 368 inest
768 329 884 368 actui
905 327 1145 368 voluntatis
1168 329 1208 368 in
1233 328 1314 369 hos
1329 328 1512 369 effectus

103 395 321 449 objective
345 396 602 436 inhonestos
624 397 955 445 consentientis,
979 397 1090 437 adeo
1120 397 1300 450 quidem
1324 404 1372 439 ut
1404 398 1512 438 nihil

103 466 285 505 omnino
327 465 486 506 referat
517 466 573 506 ad
615 472 741 506 actus
785 465 1096 515 moralitatem,
1138 472 1285 506 utrum
1329 466 1511 508 effectus

103 534 245 587 reipsa
287 535 493 574 eveniant
535 547 590 573 an
633 532 767 584 non31
800 534 958 574 eodem
1002 535 1136 574 modo
1171 535 1408 576 dicendum
1446 541 1513 576 est

102 604 289 644 eandem
332 617 427 643 esse
469 602 700 642 formalem
743 617 818 643 seu
871 601 1161 655 subjectivam
1214 603 1511 644 moralitatem

101 672 257 712 interni
279 672 519 712 voluntatis
554 678 677 712 actus
713 686 844 712 sensu
867 686 905 712 n.
940 683 1037 723 403.
1071 673 1279 725 exposito
1310 672 1517 721 efficacis,

99 740 190 780 sive
212 746 335 780 actus
359 740 501 793 reipsa
533 741 719 793 prodeat
742 741 783 781 in
820 754 931 793 opus
960 747 1210 789 externum,
1233 741 1324 781 sive
1346 741 1404 781 ob
1431 741 1510 780 im-

100 809 407 861 pedimentum
432 809 552 861 quod
570 809 742 862 agentis
763 810 974 862 potestati
994 809 1115 850 nullo
1131 810 1265 850 modo
1282 809 1511 862 subjaceat

98 877 295 917 internus
319 875 527 917 maneat.2

154 956 251 995 414.
287 945 345 985 Et
360 945 503 986 solent
518 946 779 986 Thomistae
796 946 1051 986 testimonia
1067 946 1146 987 SS.
1166 947 1346 987 Patrum
1361 948 1508 988 citare.

98 1011 171 1053 Sic
204 1026 283 1066 vg.
324 1014 386 1054 ait
431 1012 472 1054 S.
519 1012 990 1068 Augustinus:³----“Si
1033 1014 1101 1054 cui
1145 1028 1234 1054 non
1277 1015 1508 1069 contingat

95 1079 282 1121 facultas
304 1083 627 1124 concumbendi
646 1097 746 1123 cum
764 1083 953 1136 conjuge
971 1083 1128 1133 aliena,
1153 1083 1333 1136 planum
1357 1090 1508 1125 tamen

98 1153 247 1206 aliquo
272 1154 406 1194 modo
428 1154 484 1194 sit
518 1154 562 1194 id
586 1168 687 1195 eum
721 1167 890 1207 cupere,
915 1160 958 1194 et
992 1154 1026 1193 si
1063 1159 1262 1207 potestas
1286 1153 1429 1203 detur,
1463 1156 1507 1195 id
1532 1144 1537 1148 v

96 1223 314 1264 facturum
337 1236 447 1273 esse,
474 1237 563 1263 non
587 1223 732 1263 minus
756 1236 856 1263 reus
881 1229 948 1262 est
981 1236 1114 1275 quam
1138 1223 1173 1262 si
1196 1223 1239 1262 in
1272 1223 1368 1276 ipso
1393 1223 1510 1265 facto

97 1291 540 1345 deprehende1·etur.”
646 1290 799 1344 Atque
865 1290 906 1332 S.
979 1290 1506 1345 Bernardusz4—-“Quid

96 1360 270 1412 planius
313 1374 446 1414 quam
479 1361 599 1414 quod
631 1360 838 1401 voluntas
879 1373 958 1413 pro
991 1361 1109 1401 facto
1151 1368 1390 1416 reputetur,
1433 1363 1507 1403 ubi

95 1428 261 1469 factum
285 1429 484 1470 excludit
506 1429 779 1470 necessitas.'’

151 1508 247 1550 415.
283 1499 441 1551 Neque
463 1500 623 1540 desunt
648 1499 975 1554 Scripturarum
993 1506 1146 1541 textus
1169 1501 1243 1554 qui
1262 1500 1508 1541 Thomistis

97 1566 254 1607 saltem
298 1567 442 1608 favere
492 1568 707 1609 videntur.
792 1569 866 1610 Sic
907 1583 989 1622 vg.
1034 1569 1140 1610 Gen.
1185 1570 1295 1609 xxii.
1346 1570 1408 1610 16.
1451 1569 1508 1610 de

94 1636 327 1678 Abraham
353 1638 537 1678 dicitur:
561 1640 581 1656 “
598 1637 714 1691 Quia
737 1638 877 1680 fecisti
914 1639 1028 1679 hanc
1050 1653 1141 1679 rem
1164 1645 1208 1679 et
1242 1653 1329 1678 non
1352 1652 1506 1693 peper-

91 1707 188 1748 cisti
230 1708 321 1748 filio
361 1714 440 1749 tuo
483 1708 726 1761 unigenito,
759 1714 939 1762 propter
972 1722 1054 1758 me,
1089 1708 1351 1748 benedicam
1386 1705 1505 1756 tibi‚’'

91 1783 183 1825 etc„
216 1778 377 1830 quibus
409 1777 552 1818 verbis
597 1777 720 1817 Deus
763 1776 959 1817 declarat
1000 1790 1047 1817 se
1088 1775 1327 1825 efficacem,
1370 1790 1504 1829 quam

91 1845 322 1886 Abraham
345 1846 514 1894 habuit,
533 1845 811 1887 voluntatem
835 1844 1110 1886 sacrificandi
1136 1845 1274 1894 Isaac,
1293 1845 1505 1897 profacto

91 1913 267 1962 habere,
284 1902 442 1954 eodem
469 1928 630 1967 nempe
666 1913 801 1954 modo
839 1927 940 1954 eum
979 1913 1209 1966 alloquens
1246 1920 1380 1966 atque
1402 1926 1504 1953 ean-

91 1982 193 2022 dem
234 1983 499 2035 promittens
543 1983 792 2023 mercedem
836 1996 886 2023 ac
920 1982 956 2022 si
991 1981 1130 2022 filium
1166 1983 1311 2035 'reipsa
1346 1983 1503 2022 immo-

91 2050 255 2091 laverit.
339 2051 413 2092 Sic
456 2065 634 2105 quoque
677 2050 878 2092 Christus
913 2051 1147 2102 Dominus,
1187 2052 1320 2092 Matt.
1354 2066 1390 2093 v.
1425 2054 1504 2099 28„

88 2118 366 2160 voluntatem
427 2120 691 2161 moechandi
751 2120 847 2173 ipso
904 2120 1084 2160 nomine
1147 2120 1373 2162 moechiae
1426 2121 1505 2160 de-

88 2189 235 2241 signat
253 2192 342 2229 :——“
361 2188 520 2230 Omnis
554 2190 628 2242 qui
662 2190 822 2230 viderit
854 2190 1084 2231 mulierem
1109 2192 1162 2231 ad
1189 2191 1504 2244 concupiscen-

88 2256 194 2296 dum
219 2271 328 2305 earn,
346 2257 441 2309 jam
465 2257 725 2299 moechatus
749 2265 815 2299 est
837 2272 934 2298 eam
960 2260 1003 2299 in
1026 2259 1159 2299 corde
1181 2258 1298 2300 suo.’'

144 2325 241 2375 416.
276 2324 508 2366 Sententia
557 2328 861 2367 communiore
909 2329 970 2367 sic
1017 2328 1228 2376 stabilita,
1265 2334 1402 2368 restat
1455 2334 1504 2370 ut

130 2411 141 2431 ¹
159 2412 237 2442 Vid.
254 2417 365 2449 antea,
385 2423 416 2443 n.
441 2421 512 2452 192,
534 2413 696 2444 Resolves
713 2421 758 2453 30,
785 2416 829 2453 5⁰.

131 2454 208 2486 2De
218 2455 282 2486 hoc
292 2462 489 2495 argumento
502 2456 568 2487 vid.
582 2457 689 2492 Perin,
708 2458 766 2487 Tr.
779 2458 816 2488 de
830 2459 902 2489 Act.
913 2458 1098 2496 Humanis,
1114 2457 1250 2498 Quaest.
1261 2468 1292 2497 4.
1304 2464 1367 2489 act.
1383 2458 1427 2489 iv.
1443 2457 1500 2499 §4-

129 2498 143 2518 3
160 2498 237 2529 Lib.
260 2507 290 2529 1.
308 2499 360 2529 De
375 2499 490 2530 Libero
506 2499 667 2537 Arbitrio,
685 2500 770 2542 Cap.
787 2509 818 2541 3.

130 2540 144 2559 ⁴¹
163 2542 272 2583 Epist.
288 2541 345 2582 67.
369 2552 441 2583 cap.
459 2551 489 2573 2.
