1716 2729
159 108 174 136 1
185 97 240 136 26
742 93 973 133 'l‘ractatus
1389 93 1564 143 [GURY,

215 222 310 264 333.
345 211 554 262 Namque
576 216 759 250 eatenus
792 215 965 249 tantum
999 215 1147 262 potest
1182 209 1378 249 minuere
1410 209 1564 249 volun-

155 282 329 329 tarium,
351 286 582 333 quatenus,
604 292 733 318 usum
757 278 938 318 rationis
973 277 1271 330 impediendo,
1313 277 1472 317 minuit
1507 278 1564 317 rei

157 351 471 404 cognitionem.
536 348 636 389 Hoc
674 347 807 400 igitur
839 346 1107 400 principium
1142 346 1273 399 plane
1306 345 1486 399 profluit
1509 360 1566 386 ex

158 419 416 461 definitione
450 423 594 457 metus
630 415 857 467 subjective
890 415 996 456 levis
1028 428 1161 467 supra
1198 417 1285 465 (nn.
1326 425 1422 465 290,
1449 417 1565 468 309‚)

157 489 332 530 tradita.

219 568 312 609 334.
348 557 579 596 Hactenus
613 553 748 593 locuti
786 565 939 592 sumus
970 552 1025 592 de
1050 558 1171 592 metu
1209 557 1430 604 quatenus
1466 564 1566 603 pec-

151 633 308 667 -catum
332 624 491 664 minuit
527 629 602 663 aut
638 621 755 662 tollit
794 621 1036 661 minuendo
1065 627 1140 661 aut
1173 620 1374 661 tollendo
1412 619 1567 660 volun-

156 695 319 735 tarium
356 693 476 746 quod
515 691 750 744 requiritur
784 691 840 730 ad
878 689 1166 742 peccandum.
1229 688 1295 729 At
1328 701 1433 727 vero
1471 688 1567 727 aliis

156 764 329 805 duabus
364 761 608 802 rationibus
641 773 667 799 a
701 764 884 811 peccato
916 758 1118 798 excusari
1154 763 1341 811 possunt
1376 770 1428 797 ea
1450 770 1567 809 quae

155 834 368 873 adversus
390 831 535 882 legem
557 843 608 868 ex
629 834 739 867 metu
764 827 889 867 fiunt.

216 909 309 952 335.
344 900 404 940 Et
436 898 617 951 quidem
650 897 805 948 primo,
826 908 1150 948 nonnunquam
1183 894 1231 934 fit
1254 901 1302 934 ut
1331 894 1405 934 lex
1437 906 1563 934 suam

154 970 243 1010 vim
266 967 494 1021 obligandi
517 966 699 1006 omnino
729 964 909 1004 amittat
941 977 999 1004 ex
1031 978 1084 1004 eo
1116 963 1235 1017 quod
1268 962 1434 1002 oriatur
1456 962 1567 1015 peri-

154 1038 302 1079 culum
325 1036 471 1090 gravis
509 1035 614 1075 mali
653 1033 853 1074 eventuri
891 1046 950 1072 ex
987 1032 1085 1085 lege
1121 1029 1430 1072 observanda.l
1493 1030 1568 1071 Sic

154 1120 234 1159 vg.
257 1107 314 1146 ab
335 1103 609 1156 obligatione
637 1100 870 1154 jejunandi
903 1106 1174 1142 excusantur
1205 1100 1567 1141 convalescentes

154 1178 242 1230 qui,
264 1174 522 1216 testimonio
558 1171 833 1212 medicorum
867 1169 1023 1218 innixi,
1045 1169 1204 1209 timent
1237 1182 1291 1207 ne
1319 1168 1567 1221 jejunando

154 1247 197 1287 in
236 1245 442 1285 morbum
480 1237 708 1282 recidant.2
769 1238 958 1278 Etiamsi
996 1238 1114 1277 enim
1152 1251 1305 1277 carnes
1343 1243 1420 1277 aut
1457 1236 1568 1277 alios

153 1314 277 1356 cibos
299 1313 461 1353 vetitos
483 1310 668 1350 omnino
689 1307 936 1349 voluntarie
959 1307 1213 1355 comedunt,
1235 1306 1349 1347 adeo
1372 1312 1421 1347 ut
1442 1311 1568 1346 actus

152 1381 418 1423 comedendi
459 1378 654 1432 perfecte
685 1377 908 1417 humanus
941 1376 1010 1425 sit,
1032 1383 1181 1415 tamen
1229 1389 1317 1415 non
1351 1381 1567 1429 peccant3

153 1452 258 1504 quia
280 1448 508 1502 legislator
530 1461 616 1487 non
641 1453 845 1487 censetur
867 1445 910 1484 in
935 1444 1155 1497 ejusmodi
1177 1457 1321 1484 rerum
1346 1443 1568 1496 adjunctis

154 1519 479 1572 obligationem
515 1517 625 1569 legis
659 1528 839 1567 urgere:
884 1514 1022 1554 immo
1055 1513 1309 1566 aliquando,
1333 1528 1470 1566 quum
1503 1515 1567 1554 in-

152 1588 440 1630 commodum
458 1586 673 1626 oriturum
692 1584 875 1623 omnino
897 1583 1208 1636 gravissimum
1231 1589 1309 1629 est,
1326 1588 1567 1635 exsuperat

153 1663 423 1711 potestatem
461 1654 787 1707 legislatoribus
822 1667 847 1692 a
885 1652 984 1692 Deo
1025 1664 1281 1692 concessam
1316 1651 1566 1691 istiusmodi

155 1740 266 1766 onus
287 1724 476 1766 subditis
510 1721 766 1775 imponere.3
829 1721 881 1761 In
915 1720 999 1760 hoc
1035 1726 1186 1760 tamen
1226 1719 1439 1761 Tractatu
1476 1734 1564 1759 non

154 1796 300 1850 agitur
320 1795 375 1834 de
397 1792 686 1833 excusatione
708 1804 823 1843 quae
845 1790 907 1830 sic
930 1789 1132 1842 provenit
1155 1802 1212 1829 ex
1236 1802 1288 1829 eo
1311 1790 1432 1842 quod
1456 1789 1566 1841 legis

155 1863 370 1917 obligatio
393 1867 568 1911 cessat3
602 1860 658 1900 de
691 1873 779 1912 qua
812 1858 935 1904 infra,
960 1858 1002 1897 in
1037 1857 1251 1898 Tractatu
1288 1857 1339 1897 de
1366 1857 1565 1910 Legibus,

156 1933 381 1986 agendum
405 1930 500 1970 erit.

218 2002 314 2053 336.
352 1998 555 2047 Secundo,
578 1998 711 2038 etiam
745 1997 788 2035 in
822 1996 872 2035 iis
905 2008 1049 2035 rerum
1082 1994 1303 2046 adjunctis
1337 1995 1379 2034 in
1405 1994 1565 2047 quibus

154 2072 230 2111 lex
277 2069 366 2109 vim
419 2066 646 2119 obligandi
701 2065 884 2105 omnino
935 2063 1105 2111 retinet,
1140 2069 1375 2115 peccatum
1420 2063 1564 2116 legem

154 2136 519 2191 transgredientis
551 2134 663 2173 solet
697 2133 834 2172 minui
866 2146 924 2172 ex
956 2145 1008 2171 eo
1045 2131 1165 2183 quod
1200 2131 1271 2170 ille
1308 2132 1383 2184 qui
1420 2131 1564 2184 legem

156 2220 245 2248 non
277 2204 628 2257 transgrediatur
660 2202 741 2241 nisi
774 2207 954 2254 propter
985 2206 1165 2244 metum.
1189 2200 1379 2240 eundem
1412 2201 1566 2253 utique

158 2289 244 2316 non
287 2274 422 2315 habet
463 2271 671 2312 affectum
716 2269 930 2324 peccandi
981 2268 1057 2321 qui
1108 2268 1234 2308 adest
1285 2282 1423 2322 quum
1465 2269 1565 2322 quis

198 2392 206 2409 ¹
225 2392 305 2422 Vid.
325 2401 390 2431 vg.
409 2389 512 2428 Gury,
530 2388 618 2418 Part.
637 2398 657 2418 1.
673 2398 704 2417 n.
726 2394 797 2417 100.
816 2385 962 2427 Princip.
984 2385 1029 2415 iv.
1045 2394 1052 2422 ;
1073 2395 1103 2415 n.
1131 2384 1199 2415 108.
1219 2385 1365 2427 Princip.
1384 2386 1429 2417 iii.

199 2434 212 2454 2
229 2435 318 2466 Ibid.
336 2445 369 2463 n.
390 2439 462 2473 507,
484 2441 533 2462 20.

201 2480 213 2497 ³
232 2479 306 2508 Vid.
328 2478 460 2513 Suarez,
486 2476 594 2506 Tract.
623 2474 660 2505 de
684 2473 830 2514 Legibus,
859 2473 935 2503 Lib.
966 2479 995 2511 3.
1024 2481 1097 2511 cap.
1128 2483 1202 2502 xxx.
1227 2482 1258 2501 n.
1285 2472 1317 2503 6.
1339 2473 1417 2510 (Ed.
1447 2473 1560 2504 Vives.

155 2522 252 2553 Tom.
271 2528 299 2562 5.
317 2532 350 2561 p.
370 2519 490 2559 294.);
511 2519 585 2549 Lib.
604 2517 636 2548 6.
656 2528 730 2558 cap.
758 2517 814 2547 vii.
843 2527 876 2546 n.
910 2523 944 2545 11
967 2515 1070 2554 (Ibid,
1092 2516 1190 2545 Tom.
1217 2516 1250 2546 6.
1279 2526 1312 2557 p.
1335 2515 1403 2557 33.)
1424 2529 1432 2555 3
1461 2517 1559 2555 Viva,

156 2566 275 2606 Opurc.
302 2565 407 2596 Theol.
427 2563 549 2595 Moral.
573 2563 613 2600 J„
636 2561 774 2601 Quaest.
793 2561 835 2590 iv.
852 2565 914 2590 art.
935 2566 965 2599 3,
983 2568 1015 2598 4,
1037 2565 1053 2598 5
1071 2570 1078 2596 ;
1103 2559 1206 2599 Gury,
1227 2559 1309 2589 ibid.
