1716 2729
164 62 234 88 nn.
262 48 367 103 1-3.]
600 50 652 90 de
669 50 850 91 Actibus
870 50 1104 92 Humanis.
1530 62 1557 102 9

217 165 274 214 4⁰.
307 163 544 204 Naturalis
575 163 642 203 vel
676 165 1027 216 supernaturalis.
1089 165 1225 204 Prior
1260 165 1331 205 ille
1374 171 1440 206 θεῖ
1481 166 1556 219 qui

160 231 264 272 solis
286 237 465 271 naturae
485 231 647 270 viribus
678 231 900 284 perficitur
919 246 928 281 ;
950 232 1164 284 posterior
1182 245 1296 282 vero,
1319 234 1392 285 qui
1425 232 1552 285 perfi-

160 300 272 340 citur
291 298 458 339 auxilio
480 298 647 349 gratiae
669 298 854 338 divinae.

221 372 274 419 5⁰.
319 365 501 408 Valz'dus
530 365 597 405 vel
631 366 861 406 invalidus.
924 366 1068 407 Actus
1101 367 1274 407 validus
1304 366 1377 407 ille
1399 374 1465 408 est
1486 368 1553 408 cui

159 434 308 475 insunt
329 433 478 473 omnia
511 446 625 485 quae
662 433 717 473 ad
750 434 974 486 proprium
1010 433 1102 486 ejus
1144 434 1345 476 effectum
1391 438 1554 488 produ-

158 504 344 543 cendum
370 507 471 541 sunt
493 500 755 542 essentialia.
818 501 1047 542 Invalidus
1083 502 1156 542 ille
1191 508 1256 542 est
1279 504 1351 556 qui
1373 503 1441 543 vel
1466 517 1553 545 uno

158 585 216 610 ex
239 570 289 610 iis
312 576 439 611 caret.
503 570 576 611 Sic
598 569 768 609 validus
801 576 868 609 θεῖ
890 576 1155 619 contractus,
1186 584 1266 623 vg.
1297 571 1552 624 emptionis—

157 638 436 687 venditionis‚
461 638 503 677 in
536 650 624 689 quo
647 637 921 690 reperiuntur
943 638 1092 677 omnia
1123 639 1213 678 sive
1246 638 1342 690 lege
1364 639 1551 680 naturali

157 706 246 746 sive
268 705 364 758 lege
387 705 575 759 positiva
608 705 816 757 requisita
838 706 893 745 ad
916 706 1142 758 proprium
1176 705 1382 745 effectum
1419 706 1550 759 hujus

156 779 406 814 contractus
470 771 797 825 perficiendum,
861 773 905 813 id
958 780 1035 822 est,
1089 774 1143 814 ad
1196 773 1550 814 transferendum

156 841 199 881 in
244 847 488 894 emptorem
520 840 764 881 dominium
788 841 847 880 rei
885 841 1102 882 venditae.
1165 841 1300 883 Secus
1333 842 1551 883 invalidus

156 915 221 949 est
241 908 482 950 habendus.

702 1029 913 1070 CAPUT
948 1030 1008 1069 II.

355 1115 420 1145 DE
452 1114 736 1145 ELEMENTIS
767 1113 978 1146 ACTUUM
1012 1114 1356 1146 HUMANORUM.

214 1190 277 1230 28.
309 1188 416 1229 Tria
447 1194 728 1229 recensentur
758 1194 936 1229 actuum
968 1189 1263 1230 humanorum
1301 1190 1547 1232 elementa:

161 1260 200 1296 1⁰
219 1256 487 1297 advertctztz'a
509 1256 750 1306 intellectus,
775 1259 818 1296 2⁰
839 1271 1061 1297 consensus
1095 1257 1340 1307 voluntatis,
1375 1261 1418 1309 3⁰
1437 1272 1548 1299 exer-

144 1320 301 1364 'c'z'tz'um
334 1323 554 1364 libertatis.
619 1324 704 1363 His
740 1315 856 1364 eii-im
908 1324 1060 1373 tribus,
1103 1331 1152 1365 ut
1193 1339 1250 1365 ex
1293 1322 1550 1368 definitione

157 1397 219 1445 (n.
245 1391 333 1442 20.)
357 1396 494 1443 patet,
519 1396 643 1431 actus
666 1390 884 1431 humanus
908 1392 1201 1433 constituitur.

212 1470 278 1510 29.
311 1458 562 1500 consensus
585 1459 820 1500 voluntatis
834 1460 1078 1500 necessario
1096 1462 1305 1513 supponit
1327 1462 1548 1514 praeviam

154 1525 452 1579 cognitionem
477 1526 738 1574 z'ntellectus,·
771 1527 877 1566 nihil
900 1528 1016 1567 enim
1040 1534 1186 1580 potest
1210 1543 1303 1568 esse
1324 1529 1548 1582 objectum

153 1593 393 1635 voluntatis
415 1606 654 1634 consensus
676 1594 757 1634 nisi
780 1595 900 1647 prius
932 1595 986 1635 sit
1009 1609 1092 1648 ope
1125 1596 1372 1637 intellectus
1394 1611 1549 1650 appre-

155 1662 352 1702 hensum.
389 1661 507 1702 Hinc
529 1662 709 1702 axioma
729 1679 737 1704 ε
754 1662 889 1703 Nihil
906 1663 1096 1713 volitum,
1119 1664 1208 1703 nisi
1217 1666 1547 1718 praecognitum.

153 1730 252 1770 Vid.
275 1742 419 1781 supra,
452 1742 494 1769 n.
520 1729 822 1781 7.—Lz'bertas
862 1737 1010 1771 autem
1053 1733 1263 1784 supponit
1304 1739 1549 1787 utrumque.

156 1797 238 1848 Est
271 1797 387 1837 enim
418 1797 617 1848 facultas
652 1797 864 1851 elzgrendz]
897 1799 1053 1840 electio
1090 1807 1237 1841 autem
1272 1801 1362 1841 fieri
1399 1803 1551 1855 nequit

156 1865 237 1904 nisi
279 1878 304 1904 a
345 1865 563 1905 voluntate
605 1865 796 1918 seipsam
840 1873 1045 1907 movente
1087 1868 1129 1907 in
1171 1869 1284 1909 hanc
1319 1869 1388 1908 vel
1428 1869 1548 1910 illam

156 1937 338 1984 partem,
361 1932 494 1984 prius,
517 1939 564 1973 ut
587 1932 755 1973 dictum
779 1940 857 1984 est,
879 1934 935 1974 ab
959 1934 1167 1975 intellectu
1189 1937 1519 1990 apprehensam.

216 2009 278 2049 30.
312 1998 514 2052 Quatuor
549 2000 742 2040 articulis
779 2001 850 2041 hic
884 2003 1106 2054 agendum
1143 2009 1221 2053 est,
1260 2007 1301 2044 1⁰
1322 2005 1376 2044 de
1398 2006 1549 2045 adver-

157 2066 297 2106 tentia
319 2054 579 2117 intellectus,
602 2071 646 2108 2⁰
667 2069 722 2108 de
744 2068 1006 2119 voluntario,
1031 2072 1074 2122 3⁰
1118 2071 1173 2111 de
1196 2071 1344 2121 libero,
1375 2073 1477 2122 4⁰de
1499 2073 1549 2113 iis

156 2146 271 2186 quae
293 2134 540 2176 voluntario
561 2141 605 2176 et
636 2135 772 2176 libero
794 2143 1088 2189 opponuntur.

575 2273 622 2314 A
635 2274 676 2314 R
691 2274 731 2314 T
748 2274 766 2314 I
788 2274 823 2316 C
842 2275 884 2316 U
901 2276 939 2316 L
956 2277 999 2318 U
1016 2275 1046 2317 S
1098 2277 1133 2319 I.

447 2356 512 2387 DE
534 2356 894 2388 ADVERTENTIA
911 2358 1262 2392 INTELLECTUS.

217 2430 280 2472 31.
313 2417 584 2464 Definitio.
643 2421 930 2463 Advertentz'a
963 2430 1030 2464 est
1064 2430 1183 2465 actus
1214 2439 1293 2477 quo
1324 2425 1552 2466 intellectus

156 2487 221 2528 ad
257 2486 430 2540 aliquid
464 2488 656 2529 attendit.
718 2488 878 2530 Differt
920 2505 944 2531 a
984 2491 1169 2541 scientia,
1219 2505 1331 2544 quae
1371 2492 1550 2545 quidem
