1716 2729
127 112 202 141 nn.
227 98 310 148 28;
349 106 414 148 31
437 92 521 147 32.]
601 90 649 132 de
673 88 854 132 Actibus
874 84 1114 127 Humanis,
1448 89 1532 132 237

126 214 171 254 in
196 214 342 253 Deum
360 209 516 266 [quum
538 208 595 248 sit
617 206 660 246 in
681 210 800 246 statu
824 199 1029 257 gratiae]‚
1047 205 1170 240 actus
1193 197 1265 238 ille
1281 210 1369 238 non
1387 196 1531 237 solum

128 295 217 322 non
240 286 306 321 est
328 284 572 332 peccatum,
593 274 672 316 scd
694 274 828 313 etiarn
851 277 913 311 est
932 276 1053 310 actus
1084 265 1343 307 merztoains.
1348 261 1390 287 ’Ἰ

187 349 284 401 687.
319 348 389 388 De
411 346 578 386 iisdem.
639 345 659 362 “
681 341 762 382 Ille
783 340 858 393 qui
880 338 1016 379 habet
1048 335 1322 383 charitatem,

130 417 347 472 quidquid
379 414 555 455 ordinat
594 410 666 452 vel
698 409 754 450 ad
793 422 851 457 se,
884 406 953 448 vel
996 405 1053 445 ad
1090 403 1388 456 quodcunque
1419 401 1538 442 aliud

130 501 211 535 sul,
234 483 454 526 mentone
492 481 597 534 agit,
713 511 722 520 .
756 476 870 526 ,nisi
915 473 1184 528 impediatur
1225 484 1302 523 per
1343 470 1538 522 aliquam

130 553 505 596 inordinationem
529 555 654 590 actus
671 511 765 600 'qui
805 559 895 586 non
929 543 986 584 sit
1027 539 1266 594 referzbzlzs
1297 539 1340 579 in
1379 539 1539 578 Deum.

131 623 222 666 Sed
261 622 346 663 hoc
387 633 476 661 non
529 622 678 671 potest
721 629 818 656 esse
861 613 942 654 nisi
995 612 1051 652 sit
1093 614 1326 664 peccatum
1379 607 1539 647 saltem

131 688 356 734 veniale.’'2

189 762 287 802 688.
321 759 390 799 De
412 757 582 797 iisdem.
645 751 864 793 ‘Relatio
898 750 1009 790 haec
1041 749 1085 788 in
1120 746 1308 800 gloriam
1343 744 1429 785 Dei
1466 743 1545 797 [de

133 844 222 884 qua
242 829 438 881 loquitur
460 823 723 878 Apostolus
751 833 767 861 1
796 820 893 862 Cor.
918 834 959 859 Χ.
987 829 1034 870 31
1047 817 1075 870 .]
1114 814 1375 867 intelligitur
1404 811 1510 853 vel
1499 825 1544 851 m

132 905 242 947 actu,
263 896 364 938 vel
353 909 398 936 m
433 891 679 946 aptztudine
710 887 941 937 referendi,
963 899 1076 939 quae
1111 897 1200 924 non
1235 882 1378 922 solum
1403 887 1469 921 est
1501 880 1544 919 in

133 966 254 1008 bonis
275 965 364 1019 [hic
385 962 581 1015 loquitur
605 960 649 1001 S.
674 959 846 999 Doctor
868 957 923 997 de
946 954 1118 996 actibus
1140 966 1193 992 cv
1212 950 1362 1004 objecto
1383 947 1547 1000 bonis]‚

135 1036 213 1077 sed
233 1035 368 1076 etiam
392 1032 436 1072 in
460 1023 860 1082 indifferentibus.’'³

194 1151 292 1203 689.
328 1149 412 1189 His
435 1161 538 1188 vero
561 1153 654 1186 tam
678 1144 773 1184 fuse
796 1140 1027 1195 expositis,
1050 1137 1127 1178 vix
1160 1141 1227 1176 est
1250 1135 1371 1188 quod
1399 1134 1544 1174 dicam

138 1218 221 1259 nisi
255 1224 304 1259 ut
337 1217 471 1258 verba
493 1213 744 1256 exsciibam
779 1209 975 1261 theologi
1014 1205 1179 1254 eximii,
1218 1204 1262 1245 S.
1288 1205 1338 1243 R.
1361 1202 1409 1242 E
1444 1201 1550 1242 Car-

140 1286 311 1335 dinalis,
335 1285 406 1325 De
443 1283 647 1337 Aguirre,
669 1280 756 1334 qui,
787 1291 925 1331 quum
958 1277 1001 1316 in
1037 1271 1382 1316 Commentariis
1403 1269 1550 1310 Theo-

141 1355 287 1408 logiae
324 1353 368 1395 S.
405 1351 612 1393 Anselmi
647 1347 896 1390 doctrinam
936 1345 990 1385 D.
1014 1343 1220 1383 Thomae
1252 1341 1308 1381 de
1344 1337 1551 1392 operibus

143 1438 231 1464 non
266 1422 393 1463 malis
430 1434 545 1474 quae
586 1418 831 1460 deliberate
864 1414 987 1462 fiant,
1022 1419 1065 1452 et
1107 1411 1162 1451 de
1205 1409 1365 1450 merito
1398 1420 1550 1448 eorum

142 1490 481 1546 supernaturali,
521 1494 571 1529 ut
622 1499 768 1540 supra,
811 1481 1084 1537 exposuerit,
1126 1492 1219 1520 rem
1263 1478 1325 1519 sic
1366 1476 1552 1516 lectores

143 1560 424 1603 adhortando
466 1556 772 1611 prosequitur:
775 1551 872 1582 -“
889 1551 1042 1605 Ouum
1077 1554 1145 1589 tot
1181 1547 1398 1587 hactenus
1432 1544 1554 1585 dicta

143 1631 232 1671 sint
273 1629 330 1670 ad
372 1626 662 1669 eximendum
694 1623 898 1664 homines
935 1617 1142 1671 scrupulo
1177 1649 1186 1658 .
1221 1646 1231 1655 .
1265 1646 1275 1656 .
1306 1647 1316 1664 ,
1352 1613 1551 1666 religioni

144 1700 365 1747 ducerem,
389 1709 549 1748 meque
581 1690 919 1747 quodammodo
951 1700 1073 1728 reum
1096 1684 1291 1726 violatae
1327 1681 1555 1723 charitatis

145 1770 362 1817 timerem,
386 1766 468 1806 nisi
490 1765 575 1805 hoc
598 1763 696 1804 loco
711 1761 767 1802 ad
791 1758 1053 1801 continuum
1070 1754 1164 1809 ejus
1186 1750 1558 1800 exercitium,sub

147 1837 329 1879 consilio
352 1834 522 1883 saltem,
545 1832 815 1873 exhortarer.

205 1906 300 1957 690.
334 1903 519 1956 “Quare
543 1900 760 1954 imprimis
783 1909 958 1945 moneo,
976 1908 1027 1935 ac
1041 1891 1261 1944 theologis
1284 1887 1558 1942 quibuslibet

151 1973 515 2015 commendatum
547 1969 695 2017 velim,
730 1973 779 2008 ut
815 1972 908 2006 tam
941 1963 1117 2015 scriptO,
1151 1973 1285 2012 quam
1308 1958 1408 1998 viva
1439 1970 1559 2005 voce,

151 2041 307 2083 ceteris
344 2038 617 2092 quibuslibet
655 2035 877 2076 inculcent
912 2038 956 2072 et
990 2029 1262 2083 praedicent,
1283 2025 1419 2067 veluti
1442 2024 1560 2065 salu-

151 2109 388 2151 berrimam
413 2106 678 2153 doctrinam,
700 2110 748 2144 ut
779 2100 1084 2154 unusquisque
1120 2102 1217 2137 toto
1239 2095 1374 2136 animi
1411 2092 1562 2134 studio

153 2184 199 2219 et
235 2176 403 2217 fervore
444 2180 628 2215 conetur
668 2171 885 2212 familiare
927 2168 1009 2209 sibi
1052 2166 1195 2206 facere
1236 2170 1280 2204 et
1321 2162 1561 2210 assiduum,

155 2251 373 2301 quantum
394 2243 503 2284 haec
523 2243 615 2283 vita
654 2240 820 2294 fragilis
842 2244 887 2280 et
923 2234 1123 2277 mortalis
1159 2233 1275 2283 sinit,
1297 2230 1560 2272 exercitium

203 2390 404 2427 ¹Desplal0,
424 2389 562 2429 Quaest.
580 2396 611 2427 9.
631 2392 694 2418 art.
713 2395 744 2417 2.

204 2434 217 2454 ²
237 2434 326 2465 Ibid.
346 2434 488 2473 Quaest.
506 2440 538 2462 2.
556 2438 618 2462 art.
638 2437 668 2471 5.
687 2430 729 2461 ad
751 2437 801 2460 11.

203 2478 327 2508 ³Lect.
345 2483 376 2515 7.
402 2477 496 2506 lux.
519 2475 593 2506 Cor.
613 2485 641 2504 Χ.
665 2481 718 2514 3.1

206 2521 219 2541 4
237 2521 291 2551 De
307 2520 402 2569 'Agui
408 2529 469 2556 r1·,e
486 2519 521 2550 S.
543 2517 697 2549 Anselmz
732 2516 788 2547 le
787 2516 859 2556 'gelo
865 2516 896 2546 ia
924 2515 1124 2546 Commeansa
1128 2511 1174 2542 lis
1202 2511 1388 2545 [Νηῦν-,σία
1405 2508 1502 2539 Tom.
1534 2513 1568 2547 3.

166 2569 263 2597 tract.
283 2564 339 2595 vii.
355 2563 442 2605 disp.
465 2570 535 2603 130.
553 2572 612 2592 nn.
635 2568 705 2600 149.
722 2566 753 2592 et
777 2570 848 2601 seq.
