1716 2729
108 126 182 154 nn.
206 114 258 153 28
278 125 287 158 ;
322 122 387 162 31,
412 110 495 164 32]
556 108 808 155 deActz‘bus
829 105 1066 148 Humanis,
1421 112 1505 156 235

166 228 263 268 681.
297 230 319 247 “
339 223 611 280 Hujusmodi
644 231 793 265 autem
830 221 1060 264 secundum
1099 220 1294 273 regulam
1326 219 1512 260 rationis

107 298 380 338 ordinantur.
444 294 639 334 Habitus
656 300 805 334 autem
823 290 1067 333 secundum
1087 289 1303 329 rationem
1322 301 1512 342 operans

109 372 176 407 est
217 365 361 406 virtus
393 362 579 404 moralis.
662 362 721 402 Et
763 363 863 402 ideo
905 360 1019 400 circa
1060 357 1188 397 ludos
1230 363 1380 410 potest
1417 370 1513 397 esse

109 434 258 487 aliqua
287 433 438 481 virtus,
468 443 602 483 quam
627 429 922 483 Philosophus
945 425 1227 478 eutrapelz'am
1252 421 1516 465 nominat.'’1

167 504 266 544 682.
302 502 371 542 De
389 501 494 541 ludo
515 498 718 539 choreali.
778 501 798 518 “
817 497 971 538 Ludus
994 495 1241 535 secundum
1267 507 1313 533 se
1336 507 1424 533 non
1446 500 1514 534 est

111 572 282 622 malus;
323 570 449 611 aliter
489 569 532 608 in
575 567 689 608 ludis
734 581 820 607 non
863 571 979 606 esset
1019 564 1156 604 virtus
1199 576 1314 616 quae
1355 562 1516 602 dicitur

110 638 346 692 eutrapelia
377 671 385 679 .
417 670 426 679 .
458 669 467 678 .
529 635 812 689 Impossibile
855 640 921 674 est
963 645 1138 684 semper
1174 644 1305 684 agere
1348 630 1391 670 In
1423 630 1516 670 vita

111 708 256 748 activa
287 713 331 747 et
353 703 731 757 contemplativa;
763 704 864 743 ideo
886 707 1063 755 oportet
1096 699 1317 740 interdum
1352 698 1518 752 gaudia

112 775 226 814 curis
248 773 538 826 interponere,
573 785 626 812 ne
648 772 822 811 animus
846 770 980 809 nimia
1012 769 1249 808 severitate
1273 767 1513 820 frangatur.

267 841 326 881 Et
347 841 382 880 si
403 840 480 881 tali
503 840 588 880 fine
613 838 688 879 fiat
706 839 761 879 de
785 839 912 887 ludis,
932 851 1031 878 cum
1051 837 1146 877 aliis
1164 835 1519 882 circumstantiis,

112 910 198 950 erit
233 915 354 949 actus
394 907 574 948 virtutis
624 940 632 949 .
685 940 693 949 .
745 940 752 948 .
816 908 935 947 Istae
968 912 1118 946 autem
1161 903 1520 945 circumstantiae

112 979 318 1019 videntur
340 978 383 1017 in
408 977 512 1017 ludo
527 976 718 1016 choreali
742 975 1058 1024 observandae,
1080 980 1128 1014 ut
1152 987 1236 1014 non
1262 973 1317 1012 sit
1332 985 1521 1026 persona

114 1047 325 1087 indecens
363 1046 493 1097 (sicut
528 1044 710 1085 clericus
742 1045 811 1084 vel
851 1042 1114 1096 religiosus),
1145 1048 1194 1082 ut
1231 1042 1287 1081 sit
1319 1046 1522 1092 tempore

114 1115 322 1164 laetitiae,
345 1120 394 1154 ut
426 1114 502 1154 fiat
525 1127 625 1155 cum
663 1113 860 1153 honestis
898 1112 1109 1166 personis,
1131 1116 1175 1150 et
1197 1123 1298 1149 cum
1335 1108 1524 1148 honesto

116 1190 261 1233 cantu,
283 1189 327 1224 et
358 1182 479 1236 quod
516 1188 667 1235 gestus
691 1196 780 1222 non
814 1182 902 1221 sint
939 1180 1070 1220 nimis
1093 1178 1259 1227 lascivi,
1294 1183 1338 1217 et
1371 1176 1404 1216 si
1437 1189 1525 1228 qua

117 1251 374 1305 hujusmodi
397 1248 556 1291 sunt.’'‘“'

175 1322 272 1372 683.
306 1321 376 1360 De
413 1320 522 1368 cibo,
560 1325 681 1373 potu,
704 1325 747 1358 et
783 1318 902 1358 ludo.
966 1320 984 1336 “
1005 1316 1254 1357 Comedere
1285 1321 1329 1354 et
1362 1313 1525 1366 bibere,

120 1395 290 1430 servato
322 1388 442 1428 modo
482 1386 798 1440 temperantiae,
833 1391 876 1426 et
918 1385 1069 1425 ludere
1104 1383 1159 1422 ad
1197 1383 1528 1428 recreationem,

121 1464 289 1500 servato
325 1457 446 1497 modo
481 1455 746 1508 enta-apellae,
771 1468 884 1507 quae
922 1450 1138 1492 medium3
1160 1457 1282 1491 tenet
1319 1451 1362 1490 in
1400 1450 1528 1498 ludis,

168 1548 179 1566 1
197 1549 285 1579 Ibid.

167 1595 182 1618 2
197 1593 241 1623 In
257 1596 324 1632 cap.
344 1599 374 1630 3.
393 1591 512 1628 Isaiae,
530 1589 571 1620 ad
591 1589 648 1620 fin.

167 1637 181 1656 3
200 1635 277 1666 “In
304 1635 395 1665 omni
426 1645 466 1665 eo
497 1633 587 1675 quod
619 1637 668 1663 est
698 1631 865 1672 dirigibile
897 1629 1080 1661 secundum
1112 1628 1288 1663 rationem,
1323 1625 1529 1667 snpmfluum

125 1679 257 1717 dicitur,
276 1679 366 1720 quod
383 1677 531 1717 regulam
555 1676 691 1707 rationis
717 1676 872 1706 excedit:
895 1674 1106 1704 diminutum
1128 1677 1240 1702 autem
1266 1670 1396 1705 dicitur,
1413 1679 1528 1701 secun-

127 1724 207 1754 dum
223 1723 313 1762 quod
331 1721 443 1752 deficit
459 1732 478 1751 a
494 1720 606 1761 regula
623 1720 760 1750 rationis
809 1742 816 1748 .
867 1741 874 1748 .
924 1741 930 1747 .

173 1766 347 1797 “Dictum
385 1770 434 1795 est
467 1769 579 1795 autem
615 1764 705 1805 quod
736 1762 865 1793 ludicra
895 1760 947 1792 vel
980 1759 1096 1801 jocosa
1125 1758 1228 1789 verba
1258 1756 1311 1788 vel
1334 1756 1423 1787 facta
1453 1761 1530 1787 sunt

129 1809 311 1851 dirigibilia
326 1808 508 1839 secundum
525 1807 699 1844 rationem,
720 1812 751 1837 et
769 1806 846 1837 ideo
862 1804 1064 1846 superfluum
1082 1803 1116 1833 in
1140 1802 1220 1832 ludo
1244 1801 1419 1840 accipitur,
1438 1800 1530 1841 quod

131 1853 262 1885 excedit
294 1853 444 1893 regulam
476 1851 626 1882 rationis.
673 1850 773 1890 Quod
805 1848 941 1890 quidem
972 1851 1083 1888 potest
1111 1856 1182 1876 esse
1212 1844 1402 1886 dupliciter.
1453 1843 1530 1875 Uno

129 1897 230 1928 modo
253 1906 294 1926 ex
317 1896 389 1936 ipsa
405 1895 515 1936 specie
534 1894 701 1925 actionum
720 1904 802 1934 quae
818 1897 1030 1922 assumuntur
1046 1891 1079 1920 in
1096 1889 1210 1920 ludum
1248 1911 1255 1918 .
1300 1910 1307 1917 .
1348 1910 1355 1917 .
1396 1887 1531 1928 quando

130 1940 258 1971 scilicet
273 1939 377 1969 utitur
392 1937 522 1979 aliquis,
546 1948 646 1968 causa
670 1937 750 1972 ludi,
767 1936 918 1977 turpibus
935 1934 1054 1972 verbis,
1075 1933 1127 1963 vel
1152 1931 1258 1969 sactis,
1275 1931 1328 1962 vel
1355 1931 1456 1961 etiam
1480 1931 1531 1960 his

131 1994 217 2025 quae
233 1987 371 2023 vergunt
388 1982 422 2012 in
447 1981 591 2023 proximi
615 1985 853 2011 nocumentum
902 2002 909 2008 .
958 2001 965 2008 .
1013 2000 1020 2007 .
1064 1976 1143 2007 Alio
1171 1981 1283 2006 autem
1301 1974 1402 2004 modo
1418 1979 1529 2014 potest

131 2037 203 2058 esse
233 2036 385 2057 excessus
416 2025 451 2056 in
478 2024 557 2055 ludo
584 2024 766 2055 secundum
793 2022 959 2053 defectum
985 2020 1172 2051 debitarum
1200 2018 1532 2052 circumstantiarum,

131 2076 223 2112 puta,
243 2079 344 2111 quum
360 2068 464 2109 aliqui
480 2068 559 2099 ludo
575 2073 711 2098 utuntur
726 2066 779 2097 vel
796 2065 1002 2106 temporibus
1018 2064 1071 2094 vel
1088 2063 1120 2093 in
1138 2062 1219 2093 locis
1236 2061 1405 2098 indebitis,
1424 2066 1461 2091 ut
1476 2064 1533 2090 aut

132 2114 234 2145 etiam
248 2117 378 2154 praeter
394 2110 662 2143 convenientiam
686 2109 812 2150 negotii
829 2119 886 2139 seu
903 2105 1107 2149 personae.’'
1131 2106 1179 2146 (S.
1200 2105 1358 2141 Thomas,
1376 2105 1529 2140 Summa,

134 2166 166 2188 2.
185 2165 217 2187 2.
235 2161 362 2197 quaest.
383 2155 454 2186 168.
470 2159 532 2186 art.
548 2156 593 2194 3.)

179 2201 223 2231 Et
236 2204 347 2230 statim
365 2204 481 2240 postea
496 2198 596 2229 docet
615 2197 648 2228 S.
665 2197 794 2227 Doctor
807 2205 873 2226 non
884 2194 991 2225 solum
1002 2203 1172 2230 excessum,
1192 2191 1249 2223 sed
1268 2195 1300 2222 et
1316 2193 1334 2206 “
1347 2190 1500 2230 defi’clnm
1514 2188 1535 2202 '’

138 2244 173 2275 in
201 2243 280 2274 ludo
309 2253 380 2273 esse
397 2242 567 2279 vitiosum,
589 2240 705 2281 “quia
731 2250 830 2270 omne
857 2239 946 2279 quod
971 2243 1019 2268 est
1046 2242 1161 2268 contra
1188 2235 1350 2266 rationem
1378 2235 1412 2264 in
1440 2234 1537 2265 rebus

136 2286 292 2318 humanis
308 2285 463 2316 vitiosum
481 2290 530 2316 est
545 2296 554 2323 ;
581 2290 630 2315 est
646 2289 757 2315 autem
775 2288 888 2313 contra
905 2281 1066 2311 rationem
1084 2285 1119 2311 ut
1136 2279 1256 2320 aliquis
1273 2289 1307 2309 se
1323 2277 1396 2308 aliis
1419 2287 1535 2308 onero-

139 2340 210 2362 sum
251 2329 418 2366 exhibeat,
460 2333 540 2370 puta
577 2328 656 2358 dum
687 2326 769 2358 nihil
805 2324 1003 2356 delectabile
1029 2324 1176 2359 exhibet,
1203 2328 1235 2353 et
1265 2322 1367 2352 etiam
1396 2321 1537 2351 aliorum

135 2373 373 2405 delectationes
389 2372 530 2412 impedit
576 2394 584 2402 .
634 2394 641 2401 .
692 2394 700 2400 .
748 2369 803 2400 Illi
826 2374 936 2400 autem
961 2368 1018 2409 qui
1041 2368 1075 2398 in
1100 2367 1180 2397 ludo
1198 2365 1368 2403 deficiunt,
1387 2374 1449 2395 nee
1473 2363 1537 2405 ipsi

137 2417 250 2448 dicunt
267 2416 403 2457 aliquod
419 2414 606 2452 ridiculum,
623 2418 655 2445 et
672 2413 858 2444 dicentibus
872 2411 1003 2442 molesti
1020 2415 1106 2448 sunt,
1119 2410 1197 2452 quia
1213 2409 1336 2440 scilieet
1348 2408 1538 2439 moderatos
1555 2413 1562 2418 ·

138 2460 279 2492 aliorum
295 2459 391 2490 ludos
419 2469 485 2489 non
511 2458 693 2499 recipiunt:
719 2462 752 2488 et
779 2457 854 2487 ideo
871 2455 954 2486 tales
974 2455 1090 2485 vitiosi
1112 2458 1198 2490 sunt,
1214 2458 1246 2484 et
1270 2452 1425 2483 dicuntur
1448 2449 1535 2488 duri,

139 2509 172 2536 et
188 2508 344 2544 agrestes,
360 2507 396 2533 ut
410 2501 633 2542 Philosophus
649 2500 729 2532 dicit
747 2500 780 2531 in
797 2509 827 2538 4,
846 2497 983 2530 Ethic.”

184 2547 238 2577 De
263 2546 316 2577 his
345 2546 413 2577 vid.
450 2547 487 2576 S.
514 2545 674 2581 Thomas,
699 2544 743 2574 In
768 2543 950 2574 Aristotelis
977 2541 1101 2575 Etlct'c„
1130 2539 1207 2570 Lib.
1232 2547 1265 2574 4.
1290 2537 1368 2570 lect.
1397 2546 1458 2577 145
1483 2537 1536 2568 De
1559 2540 1561 2543 ⁴

138 2590 294 2632 Aguirre,
312 2589 523 2630 Philosophia
539 2588 692 2624 Moralz's,
713 2587 788 2618 Lib.
806 2595 837 2626 4.
849 2596 923 2627 cap.
941 2584 973 2616 8.
