1716 2729
579 434 1169 492 ELENCHUS

175 562 553 600 DECRETORUM
574 561 643 594 ET
665 560 939 594 CANONUM
964 556 1206 592 CONCILII
1231 555 1563 588 TRIDENTINI

303 635 371 668 ET
400 631 853 668 PROPOSITIONUM
881 630 916 663 A
944 629 1026 662 RR.
1056 625 1447 662 PONTIFICIBUS

673 696 1017 732 DAMNATARU
1029 696 1084 739 M,

415 801 549 842 QUAE
575 801 626 831 IN
654 800 754 831 Hoc
780 798 1047 830 TRACTATU
1074 796 1344 829 CITANTUR.

290 913 321 943 1.
355 902 594 941 DECRETA
627 908 690 939 ET
723 898 964 939 CANoNEs
997 896 1119 937 CON.
1153 895 1482 935 TRIDENTINI.

233 1025 267 1054 1.
298 1012 366 1053 De
386 1012 542 1053 Libero
563 1010 772 1051 flaminis
792 1009 995 1050 Arbitrio
1019 1007 1184 1063 [Traet.
1208 1020 1276 1047 nn.
1303 1003 1537 1059 200—207.]

239 1127 449 1168 Declarat
483 1132 714 1180 praeterea
756 1123 929 1173 [sancta
952 1122 1171 1175 synodus]
1208 1121 1344 1174 ipsius
1377 1118 1589 1172 justifica-

181 1197 314 1237 tionis
351 1196 586 1235 exordium
625 1194 669 1234 in
702 1192 866 1233 adultis
903 1206 929 1232 a
967 1191 1053 1231 Dei
1088 1204 1165 1243 per
1189 1189 1414 1230 Christum
1438 1188 1590 1240 Jesum

183 1265 494 1318 praeveniente
528 1263 671 1316 gratia
707 1261 976 1301 sumendum
1015 1273 1122 1308 esse,
1164 1259 1248 1298 hoc
1290 1262 1357 1296 est
1400 1256 1456 1296 ab
1498 1255 1593 1307 ejus

184 1333 428 1381 vocatione,
444 1346 531 1385 qua
546 1331 676 1371 nullis
694 1344 846 1371 eorum
865 1329 1161 1370 existentibus
1178 1327 1343 1367 meritis
1366 1331 1593 1372 vocantur,

185 1408 233 1442 ut
267 1401 341 1454 qui
379 1415 456 1454 per
491 1405 675 1453 peccata
714 1413 739 1439 a
777 1399 878 1438 Deo
901 1397 1040 1438 aversi
1079 1405 1216 1443 erant,
1240 1409 1318 1447 per
1342 1393 1436 1446 ejus
1474 1393 1594 1433 exci-

186 1476 356 1510 tantem
380 1475 513 1521 atque
535 1467 824 1520 adjuvantem
859 1465 1050 1519 gratiam
1080 1464 1136 1504 ad
1171 1462 1523 1503 convertendum
1547 1474 1594 1500 se

188 1538 244 1577 ad
279 1550 403 1577 suam
439 1537 635 1589 ipsorum
669 1533 1048 1588 justificationem,
1086 1532 1230 1572 eidem
1266 1531 1435 1584 gratiae
1471 1529 1598 1570 libere

188 1605 454 1645 assentiendo
489 1611 529 1645 ct
562 1603 829 1656 cooperando,
863 1603 1187 1655 disponantur:
1221 1601 1283 1640 ita
1306 1606 1365 1648 ut,
1386 1603 1598 1651 tangente

190 1674 290 1714 Deo
331 1687 406 1715 cor
441 1672 633 1713 hominis
672 1685 752 1725 per
789 1671 982 1724 Spiritus
1021 1670 1175 1711 Sancti
1214 1667 1599 1713 illuminationem,

190 1755 321 1794 neque
354 1741 474 1782 lcomo
512 1741 598 1793 ipse
631 1739 749 1780 nillil
775 1739 948 1780 omnino
979 1745 1096 1792 agat,
1118 1737 1454 1790 inspirationem
1479 1734 1598 1774 illam

191 1809 418 1862 recipiens,
461 1809 627 1862 quippe
669 1808 743 1861 qui
786 1808 907 1848 illam
951 1814 992 1847 et
1031 1806 1211 1859 aly'icere
1240 1810 1416 1857 polest,·
1457 1815 1601 1855 neque

191 1884 342 1918 tamen
366 1878 459 1918 sine
481 1878 624 1931 gratia
647 1877 732 1918 Dei
757 1890 935 1917 movere
958 1889 1004 1915 se
1026 1876 1082 1915 ad
1112 1874 1332 1926 justitiam
1355 1886 1504 1913 coram
1528 1871 1603 1911 illo

193 1947 332 1987 libera
365 1960 444 1987 sua
465 1946 697 1987 voluntate
729 1946 878 1998 possit.
906 1946 912 1951 “
943 1944 1078 1985 Unde
1101 1943 1144 1982 in
1167 1943 1301 1982 sacris
1323 1940 1480 1981 litteris
1501 1953 1602 1980 cum

195 2013 378 2053 dicitur:
414 2015 434 2032 “
454 2011 776 2053 Convertimini
803 2011 858 2050 ad
884 2024 966 2058 me,
989 2016 1032 2050 et
1055 2022 1138 2061 ego
1160 2013 1392 2048 convertar
1412 2005 1467 2046 ad
1491 2004 1605 2054 vos‚”

195 2081 412 2121 libertatis
455 2087 633 2121 nostrae
690 2080 996 2120 admonemur.
1080 2077 1194 2119 Cum
1246 2075 1566 2128 respondemus
1596 2087 1605 2114 ;

196 2149 456 2191 “Converte
480 2163 575 2198 nos,
616 2149 825 2198 Domine,
865 2148 922 2188 ad
953 2154 1028 2198 te;
1061 2153 1104 2188 et
1139 2143 1483 2193 convertemur‚'’
1517 2143 1604 2183 Dei

198 2232 279 2258 nos
313 2217 457 2270 gratia
494 2217 741 2271 praeveniri
778 2215 1054 2257 confitemur.
1118 2215 1249 2256 SESS·
1273 2215 1311 2254 6.
1337 2212 1406 2253 De
1425 2211 1607 2268 Juslifi-

197 2286 368 2336 catione,
392 2286 497 2338 Cap.
525 2295 558 2338 5.

260 2355 571 2408 Disponuntur
593 2359 742 2395 autem
782 2351 961 2409 [adulti]
994 2354 1050 2394 ad
1074 2354 1215 2407 ipsam
1233 2351 1467 2406 justitiam,
1488 2349 1610 2402 dum,

201 2423 386 2463 excitati
422 2422 572 2463 divina
609 2422 753 2475 gratia
785 2428 829 2463 et
865 2421 1019 2475 adjuti,
1052 2421 1184 2462 fidem
1220 2435 1277 2461 ex
1314 2419 1469 2460 auditu
1506 2432 1609 2460 con-

200 2491 431 2544 cipientes,
454 2490 583 2532 libere
613 2497 848 2532 moventur
871 2491 913 2531 in
947 2491 1109 2542 Deum,
1131 2491 1373 2540 credenteS,
1406 2494 1502 2539 etc„
1524 2493 1607 2529 etc.

201 2559 311 2601 lbia'.
339 2558 444 2613 Cap.
468 2561 506 2600 6.
