1716 2729
103 86 146 114 n.
175 72 258 126 15.]
533 73 585 114 de
602 72 784 113 Actibus
804 72 1042 112 Humanis.
1429 86 1443 113 1
1459 85 1508 125 13

161 199 254 240 290.
288 187 364 229 Sic
390 193 440 238 1⁰,
465 189 634 229 ratione
657 188 938 237 intensitatis,
959 194 1025 228 est
1041 188 1327 240 gravissima,
1340 189 1509 241 gravis,

100 262 145 296 et
165 256 282 297 levis.
350 257 630 298 Gravissima
658 256 819 297 dicitur
841 269 892 296 ea
915 269 1028 309 quae
1050 256 1162 296 adeo
1184 257 1422 296 vehemens
1444 264 1513 297 est

101 330 148 364 ut
171 338 299 366 usum
322 325 502 366 rationis
519 325 701 365 omnino
718 324 918 377 perimat.
964 322 1128 364 Gravis
1143 324 1303 363 dicitur
1326 338 1377 364 ea
1398 338 1513 377 quae

100 394 297 434 animum
317 394 377 434 ita
394 394 623 447 perturbat
646 399 694 433 ut
717 407 844 433 usum
859 393 1053 441 rationis,
1071 392 1348 433 etiamsinon
1371 394 1512 443 tollat,

101 463 355 504 notabiliter
385 468 536 503 tamen
571 462 798 515 impediat.
862 461 996 502 Levis
1032 461 1225 514 denique
1261 461 1420 502 dicitur
1463 476 1514 502 ea

98 545 212 585 quae
235 531 414 572 rationis
438 544 565 572 usum
588 532 665 571 vix
690 530 931 584 perturbat.

157 611 253 652 291.
288 600 415 654 Quae
438 601 595 641 divisio
619 606 667 640 ut
683 600 968 653 intelligatur,
991 598 1240 639 notandum
1265 605 1332 639 est
1354 612 1514 639 concu-

98 669 362 724 piscentiam
414 671 456 709 in
510 676 660 710 actum
722 669 968 710 humanum
1030 668 1212 708 influere
1273 668 1515 708 avertendo

98 738 374 779 intellectum
398 737 455 778 ab
477 738 529 778 iis
551 737 878 791 perpendendis
902 737 1080 777 motivis
1113 750 1227 789 quae
1259 736 1315 776 ab
1338 736 1521 790 objecto

99 807 337 859 concupito
372 806 610 856 retrahant,
645 812 780 859 atque
813 811 876 847 sic
910 805 1144 846 efficiendo
1179 811 1227 845 ut
1259 805 1449 845 vividius
1472 811 1516 845 et

99 875 312 915 intensius
334 874 696 928 apprehendatur
717 875 761 915 id
794 889 926 915 omne
949 875 1067 927 quod
1094 874 1136 914 in
1160 874 1319 914 eodem
1350 875 1406 914 sit
1441 874 1516 915 de-

99 942 328 984 lectabile:
362 957 476 996 quae
498 957 586 996 quo
610 943 750 997 magis
773 943 1031 992 efficiuntur,
1053 957 1105 983 eo
1130 943 1283 996 magis,
1306 949 1354 983 ut
1382 948 1520 996 patet,

97 1012 339 1066 impeditur
380 1012 562 1052 rationis
604 1026 707 1052 usus
759 1013 835 1065 qui
887 1011 1121 1064 requiritur
1163 1011 1218 1051 ad
1272 1010 1515 1063 perfectum

97 1080 406 1122 voluntarium.

157 1160 251 1200 292.
287 1150 657 1203 Concupiscentia
675 1153 729 1198 2⁰,
760 1149 930 1190 ratione
962 1149 1083 1189 modi
1116 1162 1204 1201 quo
1233 1148 1428 1201 pendeat
1459 1161 1517 1187 ex

99 1217 271 1258 actibus
313 1217 567 1265 voluntatis
599 1223 666 1257 est
697 1217 939 1257 antecedens
965 1217 1034 1257 vel
1079 1230 1357 1268 consequens:
1404 1229 1518 1268 quae

99 1298 230 1325 voces
252 1286 409 1325 eodem
444 1299 573 1325 sensu
607 1285 678 1325 hic
714 1284 1023 1337 intelliguntur
1059 1298 1148 1337 quo
1177 1284 1271 1337 jam
1305 1289 1407 1323 sunt
1439 1297 1515 1322 ex-

100 1354 273 1405 positae
295 1354 339 1393 in
362 1353 653 1393 divisionibus
676 1353 954 1406 ignorantiae
977 1349 1293 1392 recensendis,1
1342 1352 1519 1391 Antece-

99 1420 204 1461 dens
243 1421 378 1474 igitur
427 1434 479 1461 ea
520 1426 588 1461 est
629 1434 743 1474 quae
785 1420 939 1461 ordine
981 1419 1255 1460 causalitatis
1293 1418 1518 1459 antecedit

101 1502 279 1529 omnem
311 1489 554 1530 voluntatis
592 1503 871 1538 consensum,
905 1489 1018 1529 adeo
1050 1502 1212 1542 nempe
1234 1494 1282 1529 ut
1306 1501 1449 1541 neque
1472 1488 1518 1526 z'n

100 1570 154 1606 se,
177 1570 320 1610 neque
342 1557 387 1597 in
409 1572 552 1607 cansa,
579 1557 830 1598 voluntaria
851 1558 922 1597 sit.
989 1556 1252 1609 Consequens
1283 1556 1444 1597 dicitur
1467 1569 1519 1596 ea

101 1640 215 1680 quae
246 1625 488 1668 voluntatis
522 1632 670 1667 actum
713 1627 1007 1679 subsequitur,
1029 1626 1120 1666 sive
1155 1629 1215 1677 (a)
1240 1639 1298 1665 ex
1321 1639 1374 1665 eo
1397 1625 1517 1678 quod

100 1694 305 1735 voluntas
328 1695 493 1736 directe
527 1701 571 1736 et
607 1709 665 1735 ex
698 1695 914 1736 industria
936 1695 1105 1736 excitat
1134 1693 1256 1734 illurn
1291 1694 1517 1747 appetitus

102 1769 286 1813 motum,
339 1764 412 1817 qui
446 1764 547 1804 ideo
594 1764 675 1804 erit
706 1763 980 1804 voluntarius
1032 1763 1078 1803 in
1126 1777 1179 1812 se,
1230 1763 1321 1803 sive
1354 1762 1417 1816 (b)
1459 1775 1517 1802 ex

101 1844 155 1871 eo
212 1832 332 1884 quod
391 1832 639 1872 voluntarie
699 1832 749 1873 fit
810 1832 977 1885 aliquid
1040 1846 1098 1872 ex
1169 1845 1259 1885 quo
1321 1831 1518 1884 sequitur

102 1898 321 1951 ejusmodi
373 1906 532 1951 motus,
581 1901 656 1954 qui
703 1901 804 1941 ideo
855 1901 937 1941 erit
984 1901 1030 1941 in
1060 1914 1191 1940 cansa
1242 1899 1517 1940 voluntarius

102 1967 139 2006 si
199 1968 347 2009 adsint
405 1969 683 2010 conditiones
744 1983 877 2022 supra
959 1971 1048 2020 (nn.
1109 1969 1307 2023 92-100.)
1371 1980 1518 2008 recen-

102 2035 226 2076 sitae.
317 2037 592 2091 Exemplum
665 2037 1049 2091 concupiscentiae
1113 2037 1392 2078 antecedentis
1451 2041 1518 2075 est

106 2104 149 2143 in
183 2117 236 2143 eo
271 2105 345 2157 qui
383 2119 442 2145 ex
479 2106 663 2146 fortuito
697 2112 880 2159 aspectu
925 2106 985 2146 rei
1036 2106 1178 2159 turpis
1224 2110 1427 2145 movetur
1459 2103 1517 2143 ad

105 2170 448 2213 delectationem
473 2173 708 2222 carnalem,
733 2180 809 2214 aut
837 2174 911 2226 qui
934 2180 1138 2214 movetur
1159 2174 1215 2214 ad
1249 2171 1515 2213 desiderium

105 2239 328 2281 vindictae
350 2255 408 2281 ex
431 2255 483 2282 eo
505 2243 626 2294 quod
651 2242 749 2296 quis
782 2242 1028 2294 ignominia
1058 2256 1158 2283 eum
1192 2241 1335 2282 afficit.
1400 2240 1516 2281 Con-

105 2309 380 2361 cupiscentia
411 2324 668 2363 consequens,
693 2317 742 2352 ut
773 2317 898 2364 patet
930 2324 989 2351 ex
1021 2310 1116 2364 ejus
1147 2310 1404 2351 definitione
1420 2308 1517 2361 jam

107 2378 286 2426 tradita,
319 2378 494 2419 duobus
528 2380 672 2419 modis
706 2393 802 2420 esse
843 2385 1019 2433 potest:
1051 2379 1190 2420 altero
1227 2380 1299 2430 (a),
1323 2391 1412 2430 quo
1448 2382 1518 2417 est

627 2528 728 2560 ¹Vid.
747 2540 846 2570 supra
863 2540 897 2560 n.
918 2537 993 2568 240.
