1716 2729
164 106 222 147 90
758 96 798 136 T
796 103 986 137 metatus
1398 97 1577 151 [GURY‚

1476 213 1517 229 1„

165 210 359 263 (Psalm.,
378 225 521 253 XXXV.
543 213 602 265 4.)
623 227 632 252 ε
657 216 664 230 ‘
682 212 837 253 Noluit
856 212 1100 267 intelligere
1117 220 1165 254 ut
1181 213 1294 254 bene
1311 219 1471 266 ageret.
1521 238 1576 242 —

163 278 678 334 AA.n0nnu11i‚1quum
722 281 940 323 definiunt
981 282 1278 335 ignorantiam
1319 281 1577 334 affectatam,

164 348 406 401 respiciunt
438 349 734 402 ignorantiam
769 355 943 391 tantum
978 349 1153 391 illorum
1186 351 1260 404 qui
1295 351 1395 391 ideo
1421 352 1577 391 volunt

162 417 346 458 scientia
387 432 536 459 carere
578 432 633 458 ne
674 432 700 458 a
750 420 981 472 proposito
1029 421 1243 473 peccandi
1287 420 1576 460 retrahantur.

164 486 458 528 Communius
491 494 654 536 autem,
677 493 725 527 ut
757 501 891 540 supra
923 490 1182 541 expositum
1224 494 1303 539 est,
1326 488 1577 541 ignorantia

162 554 322 596 dicitur
337 555 538 608 affectata
556 555 730 608 quoties
765 561 832 595 est
856 555 901 595 2⁴72
922 570 965 596 se
985 557 1247 606 voluntaria,
1265 569 1578 610 quamcunque

160 623 220 664 ob
237 624 454 664 rationem
472 624 569 677 quis
593 623 686 664 vult
707 624 893 664 scientia
915 639 1087 665 carere:
1111 631 1160 666 ut
1182 639 1266 678 v.g.
1284 626 1346 666 ait
1365 623 1581 673 ΒίΠυειΓῖ,2

161 692 458 746 ignorantiam
481 691 739 732 affectatam
772 692 987 733 definiens
1012 697 1165 746 “quae
1202 699 1269 734 est
1290 694 1457 734 directe
1481 692 1576 748 [seu

162 760 208 800 ἐκ
229 760 287 814 se]
313 760 462 809 volita,
484 767 532 800 ut
554 774 691 813 quum
715 762 814 813 quis
837 762 1005 802 directe
1027 769 1071 802 et
1094 762 1285 816 positive
1301 762 1396 802 vult
1413 762 1577 814 aliquid

160 829 375 882 ignorare,
398 829 491 869 sive
523 835 572 869 ut
603 829 783 869 liberius
826 837 992 883 peccet,
1014 831 1106 871 sive
1148 837 1197 872 ut
1239 831 1577 871 excusationem

159 896 323 938 habeat
346 898 388 937 in
412 898 617 951 peccatis,
638 897 730 937 sz've
753 905 926 951 propter
945 899 1107 939 alz'ud.”
1168 900 1271 940 Hoc
1293 900 1427 952 igitur
1448 913 1579 939 sensu

158 966 359 1019 affectata
391 967 579 1008 dicenda
612 976 679 1008 est
712 969 965 1022 ignorantia
995 984 1078 1023 v.g.
1104 971 1220 1011 illius
1252 972 1327 1024 qui
1351 972 1500 1011 media
1521 971 1579 1011 ad

159 1035 390 1076 scientiam
413 1036 731 1089 acquirendam
755 1051 843 1078 non
867 1038 1051 1079 adhibet
1073 1041 1177 1091 quia
1199 1040 1430 1079 scientiam
1455 1039 1577 1079 illam

160 1117 374 1156 spernens
397 1105 498 1145 ideo
521 1105 615 1145 vult
639 1119 690 1145 ea
713 1120 876 1147 carere.

219 1182 312 1224 227.
349 1173 607 1226 Ignorantia
656 1188 739 1213 που
779 1175 980 1227 aſj'ectata
1019 1179 1111 1227 (seu
1154 1176 1410 1229 simpliciter
1444 1177 1577 1229 negli-

151 1242 279 1294 gens)
317 1242 478 1282 dicitur
533 1256 585 1283 ea
629 1257 743 1296 quae
787 1246 876 1284 non
924 1251 990 1285 est
1043 1244 1089 1284 ἐκ
1127 1259 1170 1285 se
1203 1245 1465 1295 voluntaria,
1497 1246 1575 1285 sed

158 1317 334 1352 tantum
359 1313 403 1351 2'72
425 1326 567 1362 causa,
589 1326 642 1352 eo
664 1314 783 1365 quod
809 1314 907 1366 quis
930 1313 1207 1367 diligentiam
1234 1315 1492 1368 requisitam
1515 1314 1571 1354 ad

158 1379 390 1419 scientiam
413 1381 730 1433 acquirendam
754 1381 965 1421 adhibere
987 1383 1314 1435 praetermittit,
1338 1383 1400 1422 ita
1421 1388 1572 1422 tamen

158 1453 207 1488 ut
239 1448 283 1487 id
319 1461 407 1488 non
445 1454 549 1501 agat
586 1450 690 1501 quia
727 1463 819 1489 rem
863 1450 1066 1503 ignorare
1099 1451 1216 1500 velit,
1238 1451 1314 1491 sed
1349 1451 1407 1491 ob
1438 1451 1572 1491 aliam

159 1516 354 1568 aliquam
399 1518 630 1567 rationem,
667 1532 750 1570 vg.
794 1517 852 1558 ob
893 1519 1130 1571 pigritiam,
1168 1519 1226 1559 ob
1261 1519 1572 1560 verecundiam

158 1585 422 1638 inquirendi,
446 1592 541 1635 etc„
563 1592 642 1628 ete.

218 1656 312 1695 228.
347 1654 496 1694 Etiam
529 1655 638 1695 haec
677 1656 929 1708 ignorantia
962 1656 1145 1696 ulterius
1183 1656 1394 1707 distingui
1427 1656 1574 1704 debet,

160 1735 240 1774 pro
262 1722 437 1762 diverso
458 1723 600 1775 gradu
633 1723 932 1776 negligentiae
969 1738 1026 1764 ex
1061 1737 1149 1776 qua
1186 1723 1403 1776 provenit.
1467 1724 1572 1764 Duo

156 1795 261 1829 sunt
293 1790 456 1841 gradus
494 1791 735 1844 praecipui.
797 1791 938 1832 Prior
972 1799 1038 1832 est
1076 1792 1376 1845 negligentiae
1400 1792 1574 1844 graviS,

156 1857 270 1897 adeo
307 1864 356 1898 ut
394 1859 539 1898 media
582 1859 843 1899 addiscendi
882 1860 944 1900 sic
987 1860 1205 1909 omittere,
1240 1866 1474 1913 peccatum
1516 1860 1572 1900 sit

158 1925 370 1968 mortale:
424 1926 676 1979 ignorantia
728 1941 842 1980 quae
908 1942 966 1968 ex
1032 1928 1250 1981 ejusmodi
1301 1928 1572 1981 negligentia

157 1994 360 2047 provenit
381 1994 542 2034 dicitur
563 1995 670 2045 lata,
686 1998 857 2049 gravis,
880 2011 930 2037 ac
946 1997 1148 2050 graviter
1165 1996 1414 2048 culpabili&
1437 1997 1570 2037 etiarn

157 2062 319 2103 dicitur
339 2062 558 2102 latissima
577 2077 627 2102 ac
643 2064 934 2115 gravissima,
952 2066 987 2105 si
1009 2071 1135 2106 tanta
1158 2065 1287 2106 fuerit
1302 2066 1574 2119 negligentia

160 2137 208 2171 ut
250 2130 483 2184 diligentia
525 2132 708 2172 omnino
753 2133 886 2182 nulla,
923 2140 998 2173 aut
1040 2139 1215 2174 tantum
1259 2135 1572 2183 modicissima,

158 2199 360 2240 adhibita
402 2199 473 2239 sit.
536 2199 667 2239 Alter
696 2202 861 2253 gradus
894 2208 960 2241 est
992 2201 1290 2254 negligentiae
1322 2204 1435 2243 adeo
1466 2202 1573 2243 levis

158 2274 207 2308 ut
249 2267 306 2307 ad
349 2266 525 2319 culpam
569 2274 744 2308 tantum
789 2269 999 2309 venialem
1051 2271 1270 2324 attingat:
1322 2271 1573 2325 ignorantia

159 2335 267 2375 haec
291 2335 451 2374 dicitur
473 2334 581 2374 levis
603 2349 654 2375 ac
675 2336 829 2376 leviter
857 2337 1080 2389 culpabilis
1096 2357 1110 2384 ;
1145 2338 1368 2380 levz'ssz'vm
1389 2339 1569 2392 quidem

202 2472 210 2494 ¹
230 2472 308 2502 Vid.
324 2482 392 2511 vg.
415 2471 518 2510 Gury,
542 2471 630 2501 Part.
651 2471 673 2501 i.
694 2482 726 2501 n.
751 2479 797 2510 13,
817 2477 854 2511 30

201 2515 214 2534 2
237 2516 294 2546 Tr.
314 2516 350 2545 de
364 2517 437 2545 Act.
458 2514 579 2546 Hum..
610 2514 698 2544 Diss.
718 2515 736 2544 i.
765 2521 826 2545 art.
854 2523 886 2553 9.
916 2514 990 2545 Vid.
1016 2516 1117 2546 etiam
1144 2517 1277 2551 Suarez,
1301 2517 1409 2547 Tract.
1424 2517 1461 2546 de
1479 2515 1561 2546 Cen-

157 2559 258 2593 surz's,
277 2559 375 2599 Disp.
393 2567 424 2597 4.
442 2563 522 2589 sect.
538 2557 605 2588 viii.
622 2568 654 2588 n.
671 2567 712 2596 4;
734 2558 920 2598 Laymann,
942 2558 1017 2589 Lib.
1042 2568 1066 2590 1.
1088 2566 1127 2590 tr.
1146 2560 1178 2590 ii.
1195 2570 1268 2600 cap.
1286 2560 1327 2589 iv.
1343 2571 1377 2590 n.
1398 2566 1427 2599 5.
