1716 2729
100 91 136 117 n.
159 74 218 129 9.]
535 70 586 110 de
603 66 784 108 Actibus
806 61 1043 104 Humanis.
1445 62 1488 104 51

97 191 288 232 securius
329 185 564 241 procedere
605 193 738 234 quam
785 175 1056 218 consulendo
1100 178 1299 212 nostrum
1341 169 1490 209 lumen

100 266 292 307 naturae,
332 255 437 308 quid
479 263 636 302 nempe
677 244 1048 288 consuluissemus
1086 239 1253 279 auctori
1297 242 1491 283 naturae,

101 329 135 368 si
158 340 237 367 nos
270 326 313 364 in
349 319 577 362 consilium
611 314 897 359 adhibuisset,
919 316 1160 360 antequam
1198 305 1406 345 sciremus
1438 303 1494 342 de

102 394 274 436 casibus
291 391 364 443 qui
387 385 583 428 eventuri
607 381 846 434 aliquando
869 375 1050 418 essent.’'

162 472 254 513 133.
286 456 456 511 Quibus
488 452 730 493 luculenter
760 445 989 500 expositis,
1012 449 1165 484 auctor
1197 439 1269 479 ille
1290 438 1487 478 eruditus

104 546 156 572 ac
197 526 368 569 subtilis
410 536 500 563 rem
544 526 685 561 totam
727 517 788 557 sic
830 513 1017 554 conficit.
1079 506 1307 551 Generalis
1349 503 1499 558 regula

107 594 351 639 honestatis
396 597 440 631 et
476 585 768 629 inhonestatis
802 582 988 623 fundata
1029 579 1072 618 in
1111 578 1207 630 ipsa
1242 580 1400 614 natura
1435 577 1501 611 est

107 667 216 707 haec
232 659 418 704 :—-Illud
442 664 507 697 est
524 656 691 696 licitum
713 652 845 706 quod,
866 662 995 689 sensu
1018 644 1238 698 exposito,
1258 642 1314 682 ad
1335 641 1502 680 bonum

109 739 153 774 et
175 731 343 772 felicem
366 731 531 766 statum
557 721 738 762 humani
771 717 941 772 generis
969 713 1136 767 expedit
1154 711 1286 758 licere,
1309 721 1386 749 seu
1408 706 1504 747 aliis

110 799 253 841 verbis
274 794 437 848 expedit
456 806 481 832 a
504 792 602 831 Deo
623 787 876 829 hominibus
888 782 1099 837 permitti.
1162 780 1297 820 Porro
1319 777 1424 830 quid
1448 775 1504 814 sit

110 865 298 920 expedire
331 863 386 902 ad
408 861 523 901 hunc
547 857 692 905 finem,
724 868 782 894 ex
819 851 1018 893 terminis
1052 855 1206 888 notum
1244 852 1337 895 est;
1370 855 1506 896 quum

113 935 230 975 enim
252 930 443 984 expedire
462 926 517 967 ad
540 926 732 978 aliquem
756 922 889 962 finem
912 920 968 959 sit
991 918 1087 971 plus
1110 915 1213 955 boni
1236 926 1369 966 quam
1404 909 1507 950 mali

115 1003 171 1043 ad
196 1000 326 1040 finem
349 996 515 1044 afferre,
552 994 653 1033 ideo
685 990 875 1043 expedire
901 988 957 1027 ad
986 992 1153 1026 statum
1176 996 1308 1035 supra
1329 980 1497 1020 dictum

117 1075 183 1110 est
205 1068 302 1120 plus
323 1065 427 1106 boni
449 1075 582 1115 quam
605 1059 707 1100 mali
731 1057 885 1098 afferre
907 1056 963 1095 ad
986 1060 1152 1094 statum
1176 1051 1299 1091 illum
1323 1047 1511 1088 efficien-

119 1139 223 1178 dum
248 1149 297 1176 ac
319 1130 681 1174 conservandum.
745 1127 816 1166 Ita
840 1119 1138 1164 Haunoldus.1
1463 1160 1474 1170 -

184 1215 272 1254 134.
311 1202 361 1241 In
394 1200 461 1239 his
494 1194 819 1250 perpendendis
855 1187 1297 1245 praetermittendum
1333 1196 1421 1223 non
1444 1186 1512 1221 est

123 1269 452 1313 incommodum
475 1265 581 1305 illud
604 1277 662 1303 ex
693 1261 846 1315 quavis
876 1257 1148 1310 obligatione
1180 1253 1387 1306 imposita
1418 1262 1518 1302 pro-

124 1340 317 1387 veniens,
342 1347 499 1386 nempe
521 1330 732 1385 peccandi
754 1327 1005 1368 occasiones
1023 1320 1314 1375 multiplicari,
1336 1324 1513 1371 propter

127 1407 247 1461 quod
269 1404 360 1444 fieri
382 1401 560 1442 omnino
584 1412 668 1438 non
691 1402 837 1450 potest
873 1394 979 1447 quin
1016 1391 1141 1444 plura
1175 1390 1286 1428 inter
1313 1385 1516 1426 homines

130 1479 311 1529 peccata
333 1464 590 1524 patrentur.2

195 1550 283 1593 135.
316 1541 502 1589 Insuper
542 1534 636 1574 TT.
683 1532 754 1573 hic
795 1529 952 1570 merito
994 1525 1353 1567 animadvertunt
1403 1517 1522 1559 haud

136 1611 261 1652 unice
293 1604 612 1660 inspiciendum
642 1614 736 1641 esse
770 1596 1054 1638 commodum
1089 1592 1158 1633 vel
1194 1587 1526 1631 incommodum

135 1679 345 1720 oriturum
384 1674 428 1714 in
457 1685 557 1712 casea
582 1666 848 1723 particulari
873 1678 930 1704 ex
963 1676 1014 1703 eo
1048 1660 1168 1714 quod
1204 1658 1324 1706 illud,
1347 1655 1402 1695 de
1439 1665 1528 1705 quo

136 1751 302 1799 agatur,
320 1743 364 1783 in
382 1741 455 1782 illo
475 1752 573 1779 casu
584 1737 714 1791 fieret
731 1740 809 1774 aut
828 1732 1094 1772 omitteretur
1108 1743 1128 1777 ,·
1147 1739 1253 1767 nam
1276 1725 1466 1775 insuper,
1485 1727 1529 1761 et

139 1814 318 1868 quidem
352 1808 598 1863 praecipue,
618 1810 667 1845 ut
699 1817 758 1843 ex
780 1801 909 1842 dictis
942 1803 1079 1852 patet,
1102 1792 1425 1848 inspiciendum
1463 1794 1532 1829 est

141 1890 287 1924 utrum
317 1876 508 1919 societati
534 1875 582 1915 in
611 1872 861 1913 universum
880 1871 1083 1921 spectatae
1102 1878 1153 1905 ac
1177 1860 1328 1915 generi
1345 1859 1534 1899 scanzano

144 1950 283 2003 magis
303 1946 410 1988 utile
430 1945 487 1985 sit
507 1942 614 1983 illud
635 1937 877 1981 hominibus
887 1933 1089 1988 permitti
1107 1945 1164 1971 an
1187 1927 1397 1969 interdici.

207 2018 297 2069 136.
332 2015 447 2056 Sunt
481 2011 598 2052 enim
631 2008 840 2055 actiones,
860 2010 908 2044 ut
944 2003 1006 2043 ait
1043 1993 1246 2047 Laloux,³
1274 2008 1353 2050 pro
1375 1992 1536 2046 quibus

147 2098 234 2125 non
282 2081 502 2124 videbitur
551 2090 646 2118 esse
687 2075 798 2116 ratio
839 2070 1058 2112 sufficiens
1100 2068 1136 2108 si
1178 2063 1434 2106 attendatur
1479 2059 1535 2099 ad

148 2164 298 2193 casum
318 2146 640 2203 particularem,
653 2143 806 2184 adesse
822 2152 926 2180 vero
948 2141 1212 2190 agnoscetur
1226 2133 1261 2172 si
1283 2129 1539 2172 attendatur

152 2225 208 2266 ad
258 2219 590 2275 generalitatem
641 2225 835 2255 casuum.
909 2209 982 2250 Sic
1032 2219 1115 2258 v.g.
1166 2203 1258 2244 TT.
1310 2199 1539 2241 unanimes

153 2294 352 2332 statuunt
391 2286 520 2326 licere
559 2283 770 2335 injustum
812 2279 928 2319 vitae
978 2284 1280 2329 aggressorem
1332 2266 1541 2313 occidere,

152 2370 290 2413 quum
312 2355 398 2396 alia
420 2352 565 2394 media
586 2347 914 2391 conservandae
935 2345 1052 2385 vitae
1075 2341 1231 2389 desint,
1254 2339 1386 2389 idque
1408 2333 1542 2373 etiam

286 2456 298 2476 1
322 2454 412 2485 lbid.
456 2452 538 2484 Vid.
554 2451 654 2483 etiam
670 2448 821 2485 Lacmix,
842 2446 919 2476 Lib.
938 2451 969 2485 5.
987 2444 1040 2474 De
1054 2440 1204 2477 Pacatis,
1222 2449 1256 2469 n.
1273 2436 1328 2476 48.

287 2497 299 2516 ²
323 2498 376 2528 De
391 2497 454 2528 hoc
469 2500 663 2535 argumento
679 2492 721 2524 cf.
749 2490 891 2527 Rassler,
912 2489 1041 2519 Norma
1057 2486 1154 2521 lx'ecti,
1176 2482 1273 2522 Disp.
1292 2479 1338 2510 iii.
1357 2488 1392 2508 n.
1409 2475 1486 2516 384.

286 2543 299 2562 3
329 2541 435 2571 Tract.
453 2540 490 2569 <le
505 2537 638 2568 Actibus
655 2535 837 2571 Humanis,
859 2532 947 2562 Diss.
964 2530 995 2561 8.
