1716 2729
187 70 269 112 170
782 61 824 102 T
820 68 1015 104 metatus
1428 63 1522 118 [GU
1529 74 1606 116 RY,

181 183 404 229 quatenus
443 186 583 231 actus,
625 178 822 232 alioquin
862 178 1018 229 bonus,
1055 193 1115 220 ex
1152 179 1204 220 iis
1242 178 1429 221 efficitur
1451 181 1606 221 melior

192 245 396 286 minusve
427 246 587 299 bonus,
620 254 697 289 aut
729 254 867 297 actus,
889 247 1086 301 alioquin
1121 247 1277 297 malus,
1306 262 1365 289 ex
1387 248 1439 289 iis
1471 248 1605 291 effici-

181 319 254 354 tur
275 314 412 368 pejor,
436 318 639 358 minusve
667 315 811 357 malus
830 331 840 355 :
860 315 1118 368 hujusmodi
1140 331 1223 370 vg.
1251 317 1294 356 in
1319 316 1437 358 furto
1460 323 1537 358 aut
1560 317 1604 358 in

183 386 471 440 eleemosyna
508 394 575 428 est
611 387 951 428 circumstantia
992 387 1260 439 quantitatis
1279 400 1288 437 ;
1331 400 1423 440 quo
1467 387 1604 441 pluris

182 457 300 497 enim
338 456 458 498 valet
494 471 563 498 res
597 457 761 506 ablata,
797 470 850 496 eo
886 456 1066 509 gravius
1100 462 1167 497 est
1201 462 1436 510 peccatum
1478 456 1602 506 furti,

181 530 317 578 atque
350 539 374 565 e
410 525 632 566 contrario
666 538 756 579 quo
791 525 1090 578 copiosiorem
1128 526 1227 578 quis
1270 525 1604 579 eleemosynam

181 593 380 647 largitur,
403 608 456 635 eo
478 595 622 648 magis
643 600 847 635 meretur.

241 664 339 714 467.
374 663 448 703 Ex
485 663 570 703 hoc
604 665 648 714 3⁰
679 662 1117 703 circumstant-iarum
1155 677 1318 716 genere
1352 663 1466 704 aliae
1502 669 1606 704 sunt

184 731 228 785 (a
232 741 248 784 )
272 745 388 785 quae
410 732 618 772 dicuntur
638 731 812 784 speciem
846 730 1010 784 objecti
1043 737 1228 782 mutare,
1251 745 1304 772 eo
1327 731 1447 785 quod
1471 731 1606 772 aliam

179 800 374 853 speciem
399 800 613 840 bonitatis
637 806 714 841 aut
738 799 938 840 malitiae
975 799 1155 840 moralis
1187 800 1334 840 eidem
1372 799 1605 840 tribuunt:

181 867 294 908 aliae
315 882 420 909 vero
453 868 529 923 (b),
552 882 667 922 quae
705 868 914 909 dicuntur
949 868 1178 922 objectum
1212 868 1259 909 in
1297 869 1443 909 eadem
1481 868 1609 921 specie

181 937 448 978 moralitatis
471 937 717 990 relinquere,
741 951 794 977 eo
825 937 945 990 quod
985 951 1074 977 non
1110 938 1390 978 constituunt
1428 937 1537 978 illud
1560 938 1605 978 in

181 1020 298 1048 nova
320 1009 467 1062 specie
489 1008 705 1049 bonitatis
729 1014 806 1048 aut
839 1007 1036 1047 malitiae
1068 1007 1264 1049 moralis,
1328 1006 1605 1060 Exemplum

182 1080 338 1133 prioris
363 1078 427 1134 (a)
451 1085 517 1120 est
554 1080 589 1119 si
626 1092 694 1119 res
717 1077 868 1119 ablata
890 1078 947 1118 sit
987 1077 1122 1127 caHX,
1147 1084 1224 1118 aut
1251 1077 1419 1131 aliquid
1455 1077 1606 1131 hujus-

184 1149 307 1189 modi
350 1149 451 1189 Deo
492 1153 801 1189 consecratum
821 1161 830 1198 ;
882 1160 997 1200 quae
1049 1146 1230 1200 quidem
1273 1146 1608 1187 circumstantia

183 1217 315 1258 efficit
349 1224 397 1258 ut
420 1223 545 1258 actus
568 1230 656 1258 non
692 1216 837 1256 solum
866 1214 1080 1268 justitiae,
1104 1215 1181 1255 sed
1216 1215 1349 1255 etiam
1387 1214 1605 1268 religioni,

183 1286 470 1326 adversetur:
513 1279 775 1339 exemplum
819 1283 1001 1324 alterius
1046 1283 1107 1337 (b)
1159 1289 1225 1323 est
1266 1283 1493 1336 quantitas
1530 1289 1609 1324 aut

181 1355 307 1395 valor
340 1355 400 1394 rei
444 1368 470 1394 a
507 1354 602 1394 fure
638 1353 841 1404 ablatae;
885 1353 978 1393 sive
1020 1352 1140 1392 enim
1183 1365 1249 1392 res
1293 1351 1473 1404 majoris
1515 1352 1607 1392 sive

182 1423 365 1464 minoris
388 1429 455 1463 est
478 1423 619 1475 pretii,
642 1422 824 1472 furtum,
844 1422 965 1475 quod
988 1427 1056 1462 est
1078 1420 1262 1461 violatio
1283 1420 1495 1473 justitiae,
1517 1433 1604 1460 non

182 1492 286 1533 ideo
308 1491 571 1533 adversatur
602 1491 676 1531 alii
698 1490 862 1539 virtuti,
887 1491 1025 1530 immo
1057 1504 1112 1530 ne
1147 1489 1392 1543 injustitiae
1424 1490 1605 1542 quidem

182 1561 377 1615 speciem
402 1561 546 1601 induit
569 1561 803 1601 diversam.
869 1560 940 1599 De
962 1559 1123 1612 quibus
1146 1559 1353 1599 omnibus
1377 1558 1505 1611 plura
1527 1572 1604 1598 ex-

182 1636 405 1684 ponentur
427 1630 471 1669 in
495 1629 711 1669 Tractatu
732 1628 784 1668 de
804 1627 1007 1676 Peccantis,
1033 1627 1107 1667 ubi
1141 1627 1288 1680 agitur
1310 1627 1365 1667 de
1397 1626 1605 1679 specifica

183 1704 471 1752 peccatorum
495 1697 793 1738 distinctione.

239 1767 340 1815 468.
377 1766 583 1819 Denique
607 1764 971 1806 circumstantiae
993 1777 1108 1816 quae
1131 1764 1356 1817 objectum
1382 1764 1427 1804 in
1459 1764 1605 1805 eadem

181 1835 313 1889 specie
363 1834 612 1875 honestatis
664 1839 742 1873 aut
794 1833 1090 1873 inhonestatis
1142 1833 1405 1885 relinquunt,
1460 1831 1606 1873 adhuc

182 1903 382 1957 duplices
404 1903 739 1956 distinguuntur
759 1915 767 1942 :
790 1901 904 1941 aliae
921 1902 1039 1942 enim
1053 1900 1202 1952 primo
1218 1907 1321 1941 sunt
1336 1915 1452 1954 quae
1474 1906 1600 1941 actus

182 1972 467 2013 honestatem
491 1977 568 2011 aut
591 1971 923 2011 inhonestatem
945 1975 1106 2023 augent
1120 1982 1139 2014 ,·
1163 1969 1275 2009 aliae
1291 1969 1470 2010 secundo
1490 1983 1605 2022 quae

184 2043 390 2084 minuunt
408 2057 422 2083 .·
454 2048 603 2095 atque,
628 2042 670 2082 in
694 2047 883 2095 utroque
905 2055 1022 2091 casu,
1046 2047 1122 2081 aut
1145 2041 1298 2081 levz'ler
1317 2047 1507 2091 tantum,
1529 2048 1605 2083 aut

174 2113 383 2167 graviter
401 2127 478 2154 seu
502 2112 760 2152 notabiliter.
825 2111 899 2153 Sic
916 2125 998 2164 vg.
1018 2110 1237 2150 malitiam
1262 2111 1364 2151 furti
1388 2116 1605 2163 aggravat

179 2182 513 2223 circumstantia
530 2180 710 2233 majoris
728 2180 857 2234 pretii
882 2180 942 2220 rei
965 2178 1142 2219 ablatae
1161 2193 1169 2228 ;
1192 2180 1387 2231 graviter
1409 2179 1604 2239 quidem,

181 2252 218 2291 si
241 2264 453 2291 excessus
475 2251 531 2290 sit
553 2249 777 2299 notabilis,
792 2263 917 2290 secus
940 2261 1044 2289 vero
1066 2254 1242 2288 tantum
1267 2249 1446 2289 leviter:
1469 2255 1604 2302 atque

183 2334 206 2360 e
249 2319 472 2360 contrario
515 2318 733 2358 malitiam
789 2318 893 2358 furti
937 2317 1097 2358 minuit
1149 2324 1323 2371 egestas
1370 2318 1486 2358 illius
1528 2319 1602 2371 qui

181 2388 377 2438 furatur;
402 2400 515 2441 quae
538 2387 573 2426 si
596 2387 822 2427 duntaxat
839 2387 945 2427 levis
968 2394 1048 2436 est,
1065 2387 1221 2427 leviter
1243 2393 1418 2428 tantum
1443 2388 1602 2428 minuit

180 2462 426 2510 peccatum,
448 2457 483 2496 si
501 2469 604 2495 vero
627 2462 693 2495 est
715 2456 875 2508 graviS,
891 2462 1124 2508 peccatum
1153 2456 1312 2495 minuit
1330 2456 1604 2504 notabiliter,

183 2531 317 2578 atque
352 2525 493 2577 magis
533 2524 764 2577 magisque
802 2524 962 2564 minuit
1004 2537 1093 2577 quo
1136 2525 1318 2578 propius
1361 2524 1602 2565 necessitas
