1716 2729
142 100 206 141 94
740 88 970 128 Tractatus
1381 88 1557 142 [GURY,

208 205 304 257 236.
339 204 414 245 Ex
435 203 503 244 his
524 203 652 244 facile
674 204 860 244 solvitur
877 204 994 257 prior
1009 203 1201 245 Suaresii
1219 205 1331 244 ratio
1350 218 1359 254 ;
1391 204 1555 245 etenim

148 288 278 315 voces
320 274 454 327 ipsae,
496 273 540 312 in
582 273 719 313 citato
758 272 866 325 juris
908 279 1038 313 textu
1076 274 1138 314 sic
1180 273 1420 323 adhibitae,
1452 273 1558 313 satis

149 344 428 396 distinguunt
451 342 748 394 ignorantiam
782 355 973 382 crassam
997 356 1048 382 ac
1069 342 1269 395 supinam
1292 342 1349 382 ab
1371 356 1423 382 ea
1445 356 1559 395 quae

145 418 323 452 tantum
347 411 573 452 communi
598 410 732 449 modo
747 409 952 462 graviter
969 410 1194 463 cugpabz'lz's
1209 417 1286 451 est.
1351 409 1484 464 Quod
1500 411 1556 451 ad

148 480 333 520 alteram
375 480 593 520 rationem
636 478 809 527 attinet,
843 478 916 527 sic,
959 479 1016 519 ad
1057 479 1296 528 hominem,
1334 485 1382 520 ut
1423 479 1561 528 aiunt,

148 548 386 601 respondet
412 547 619 588 Ballerini
638 545 662 587 :1
694 547 828 599 “quis
851 547 970 587 dicat
993 547 1308 601 negligentiam
1326 548 1559 588 admorta-

147 616 248 656 liter
269 617 526 668 peccandmn
559 616 850 655 sufficientem
882 629 978 655 esse
1000 616 1043 655 in
1066 616 1144 656 tali
1168 617 1321 669 gradu,
1343 630 1432 656 non
1455 630 1560 657 vero

146 685 190 724 in
224 685 333 725 tali?
365 691 442 724 aut
478 698 566 737 qua
601 685 773 724 ratione
810 690 1021 737 poterunt
1056 685 1243 725 discerni
1281 685 1325 725 hi
1362 685 1560 738 gradus?

148 753 351 793 Profecto
374 753 408 793 si
431 752 604 793 definiri
637 753 880 806 aliquando
912 759 1062 806 potest
1097 755 1278 806 quando
1310 754 1562 807 ignorantia

146 824 201 863 sit
235 823 405 876 gravis,
448 829 583 876 atque
626 823 738 871 ideo,
780 837 839 862 ex
881 823 1102 863 sententia
1154 822 1361 872 Suaresii,
1401 836 1561 872 crassa,

145 891 319 931 definiri
350 892 509 932 eodem
545 892 680 932 modo
714 892 876 944 poterit
912 893 1094 945 quando
1125 891 1238 932 inter
1270 892 1491 942 mortales,
1514 898 1562 932 ut

145 961 206 1000 ait
250 960 499 1012 Laymann,
541 960 793 1013 ignorantia
835 961 891 1000 sit
931 960 1056 1000 valde
1087 961 1257 1013 gravis,
1294 967 1338 1001 et
1380 961 1561 1014 quando

145 1030 327 1070 minus.”

204 1109 298 1152 237.
333 1098 483 1152 Quum
506 1099 584 1140 vix
608 1100 757 1152 negari
781 1099 922 1152 possit
943 1099 1059 1139 hanc
1082 1099 1267 1139 alteram
1291 1099 1558 1140 sententiam

138 1181 239 1207 esse
280 1181 380 1207 vere
423 1167 581 1208 saltem
622 1168 918 1221 probabilem,
965 1173 1062 1208 turn
1116 1174 1299 1221 propter
1340 1169 1557 1208 rationem

144 1251 182 1277 n.
209 1246 304 1288 235.
328 1237 524 1287 allatam,
546 1244 642 1277 tum
665 1243 847 1290 propter
878 1236 1193 1277 auctoritatem
1226 1236 1319 1278 TT.
1352 1236 1427 1289 qui
1460 1250 1559 1277 eam

144 1312 443 1359 propugnant,
475 1306 586 1355 ideo,
621 1312 669 1346 ut
706 1306 768 1346 ait
806 1304 1067 1353 Mazzotta,2
1087 1319 1187 1346 cum
1220 1306 1456 1346 Francisco
1489 1307 1560 1347 De

146 1374 287 1427 Lugo,
324 1377 511 1427 “potest
554 1375 777 1415 interdum
811 1375 1035 1415 deservire
1068 1375 1124 1415 ad
1156 1375 1361 1415 vitandas
1394 1388 1560 1428 poenas

138 1443 248 1496 juris
268 1442 302 1493 ;‘'
342 1445 603 1496 plerumque
640 1444 758 1483 enim
801 1443 1028 1483 sententia
1067 1443 1301 1496 benignior
1338 1443 1400 1483 sic
1435 1443 1562 1484 adhi-

142 1512 291 1552 benda
314 1518 380 1552 est
402 1512 476 1552 ubi
500 1512 646 1565 agitur
667 1512 723 1552 de
745 1511 940 1551 censuris
964 1511 1119 1551 aliisve
1141 1511 1309 1564 poenis.

205 1581 301 1631 238.
336 1580 544 1633 Denique
586 1581 642 1620 de
678 1579 862 1620 vocibus
897 1593 1044 1619 crassa
1083 1585 1128 1619 et
1161 1578 1319 1632 supina
1360 1579 1560 1619 animad-

144 1648 406 1688 vertendum
430 1655 497 1689 est
519 1662 593 1688 eas
616 1648 797 1688 omnino
821 1648 940 1687 idem
963 1647 1230 1700 significare,
1255 1654 1300 1688 et
1322 1648 1423 1687 ideo
1446 1648 1560 1688 inter

145 1730 191 1756 se
233 1731 322 1757 non
364 1717 540 1758 differre
581 1717 663 1757 nisi
707 1717 750 1756 in
793 1716 1064 1769 metaphoris
1108 1716 1319 1757 adhibitis
1361 1717 1557 1757 diversis.

148 1786 326 1826 Etenim
370 1787 620 1840 ignorantia
662 1786 824 1827 dicitur
864 1789 1063 1834 “crassa,
1106 1785 1210 1838 quia
1252 1799 1374 1826 more
1425 1786 1559 1827 crassi

144 1854 335 1895 hominis
358 1862 401 1895 et
424 1855 612 1908 pinguis,
635 1856 761 1896 deses
794 1861 838 1895 et
870 1854 996 1908 piger
1031 1868 1076 1894 es
1109 1854 1153 1894 in
1182 1868 1233 1894 ea
1265 1854 1558 1908 depellenda;

143 1923 277 1963 crassi
320 1923 437 1963 enim
479 1923 682 1964 homines
727 1931 772 1963 et
813 1924 1002 1977 pingues
1047 1923 1192 1963 solent
1230 1924 1405 1964 desides
1447 1937 1555 1964 esse.

146 1990 319 2031 Eodem
343 1991 478 2032 modo
510 1992 670 2032 dicitur
700 1991 868 2044 supina,
891 1991 995 2044 quia
1030 2004 1152 2031 more
1179 1990 1368 2044 jacentis
1400 1992 1557 2045 supine

145 2059 185 2098 in
211 2059 338 2109 lecto,
359 2061 516 2113 qui‚de
540 2060 659 2100 nulla
681 2074 726 2100 re
748 2066 887 2110 curat,
911 2060 973 2100 sic
996 2072 1084 2099 non
1110 2072 1235 2099 curas
1257 2060 1557 2113 ignorantiam

144 2126 402 2180 expellere.''
467 2129 537 2168 Ita
569 2125 922 2181 Castropalaus,3
954 2127 1029 2180 qui
1062 2133 1252 2168 testatur
1273 2127 1377 2169 AA.
1400 2142 1555 2170 omnes

146 2196 190 2236 in
212 2196 280 2236 his
302 2197 568 2237 convenire.4

204 2276 296 2318 239.
324 2265 409 2306 His
426 2266 555 2306 dictis
573 2266 628 2306 de
646 2266 861 2306 divisione
884 2265 1161 2318 ignorantiae
1183 2264 1399 2306 vz'ncz‘bz'lzlr
1419 2271 1464 2306 et
1486 2266 1553 2306 z'n-

362 2432 373 2451 ¹
391 2433 470 2464 Vid.
490 2434 583 2474 Gury
601 2433 677 2473 (Ed.
699 2432 827 2474 Rom.).
846 2434 935 2464 Part.
951 2433 983 2464 ii.
1005 2444 1037 2464 n.
1055 2441 1133 2473 939,
1154 2440 1234 2465 nota
1259 2433 1322 2476 (a).

362 2478 374 2496 2
389 2478 562 2512 Mazzotta‚
582 2478 694 2508 Traet.
718 2486 745 2507 1.
765 2478 852 2519 disp.
869 2478 890 2507 i.
911 2483 1037 2518 quaest.
1057 2477 1091 2506 ii.
1117 2488 1190 2518 cap.
1218 2486 1246 2508 1.

362 2523 374 2540 ³
394 2521 501 2552 Tract.
520 2521 556 2552 cle
574 2521 723 2559 l'eccatz's,
748 2522 844 2561 Disp.
870 2530 896 2551 1.
915 2526 1033 2561 punct.
1052 2531 1107 2550 xv.
1127 2531 1161 2551 n.
1181 2529 1212 2551 2.

362 2566 374 2584 4
389 2565 467 2595 Vid.
486 2573 596 2596 tamen
615 2565 761 2605 Murray,
789 2565 896 2595 Tmct.
915 2564 951 2595 de
973 2564 1142 2601 Censurz's,
1163 2574 1195 2595 n.
1219 2572 1289 2604 127.
