1716 2729
152 101 227 130 nn.
252 88 305 128 28
326 100 335 138 ;
361 98 426 139 31,
451 85 536 142 32]
583 87 634 127 de
652 86 835 127 Actibus
855 87 1094 129 Humanis.
1475 101 1563 143 219

151 209 320 251 verunt,
339 217 397 243 ex
415 216 467 243 eo
484 202 603 255 quod
622 203 826 255 Vasquez
844 208 888 243 et
905 203 977 243 alii
996 205 1186 245 doceant
1205 205 1356 246 fricare
1374 205 1556 246 barbam

151 286 246 313 esse
261 271 583 312 indifferentem
599 271 831 321 actionem,
845 272 968 324 sequi
983 271 1208 312 hominem
1225 287 1356 326 posse
1372 273 1554 326 longum

150 346 328 393 tempus
360 340 602 392 transigere
639 339 746 379 nihil
784 339 904 380 aliud
943 339 1147 380 faciendo
1187 354 1321 393 quam
1361 341 1565 383 fricando·

150 408 333 448 barbam
370 422 445 449 scu
483 408 627 448 solum
660 407 886 460 operando
919 408 1233 450 indifferenter.
1307 409 1420 450 Dico
1454 424 1565 462 ergo

150 490 245 516 esse
267 490 340 516 eas
361 477 556 516 actiones
579 490 719 524 raras,
744 482 787 516 et
810 482 986 529 praeter
1017 476 1112 516 illas
1139 490 1365 517 occurrere
1387 478 1559 529 passim

151 544 258 585 alias
291 558 378 585 non
410 544 722 592 indifferentes,
746 545 788 584 in
820 544 980 597 quibus
1013 544 1148 585 homo
1179 545 1315 586 debet
1346 545 1413 586 vel
1447 546 1560 586 bene

151 612 219 653 vel
243 613 357 653 male
379 612 607 666 operari.’‘1

208 682 306 734 635.
339 681 544 734 Denique
574 686 631 733 22⁰,
653 682 766 722 sicut
798 683 853 723 de
886 683 1030 736 priore
1063 682 1400 723 Thomistarum
1433 697 1560 737 argu-

151 756 303 790 mento
337 754 396 799 (n.
428 749 541 801 624.)
575 751 780 799 vidimus,
804 766 861 793 ex
894 752 1120 805 principiis
1155 752 1202 794 S.
1237 752 1440 792 Thomae
1475 766 1561 792 res-

150 818 334 872 ponderi
367 824 516 870 potest
548 818 681 859 verba
713 825 757 858 et
789 833 924 873 opera
956 820 1011 860 de
1044 820 1204 872 quibus
1236 820 1395 873 agitur,
1421 834 1561 873 quum

150 886 308 927 saltem
331 886 444 927 licite
466 886 575 927 fiant
598 887 656 927 ob
680 887 811 927 finem
846 887 1015 929 homini
1042 888 1111 928 vel
1135 889 1378 929 secundum
1402 903 1562 942 corpus

150 956 500 1006 convenientem,
523 969 610 996 non
636 956 770 997 modo
793 971 876 997 non
909 956 1027 997 mala
1050 971 1145 997 esse
1169 958 1245 997 sed
1269 963 1313 997 et
1337 957 1562 998 moraliter

150 1022 268 1073 bona,
292 1029 341 1064 ut
362 1025 586 1065 constabit
609 1039 666 1065 ex
690 1025 802 1064 infra
825 1038 898 1065 nn.
922 1025 1128 1077 674-688.
1153 1025 1445 1078 exponendis.

208 1093 304 1144 636.
337 1092 412 1133 Ad
438 1097 492 1144 3¹¹¹
515 1100 839 1146 argumentum,
858 1107 916 1133 ex
938 1094 1315 1146 propositionibus
1338 1094 1562 1135 damnatis

150 1161 449 1214 desumptum,
473 1161 694 1203 Scotistae
717 1161 950 1216 multiplici
975 1162 1109 1202 modo
1133 1162 1416 1215 respondent.

209 1229 306 1281 637.
341 1228 400 1269 Et
421 1229 602 1282 quidem
632 1233 680 1279 10,
697 1230 818 1282 quod
837 1229 997 1270 attinet
1016 1230 1070 1270 ad
1090 1230 1442 1283 propositionem
1462 1232 1571 1279 Smn,

152 1311 241 1338 non
283 1298 444 1338 desunt
485 1299 560 1351 qui
603 1299 789 1339 innuant
841 1312 938 1339 eam
982 1298 1242 1340 damnatam
1287 1299 1433 1350 fuisse,
1475 1313 1563 1340 non

151 1374 332 1421 propter
354 1368 597 1408 clausulam
622 1368 824 1421 priorem,
842 1381 956 1420 quae
982 1368 1113 1408 docet
1135 1368 1303 1408 licitum
1327 1382 1423 1408 esse
1445 1382 1563 1413 come

153 1436 282 1477 edere
305 1442 348 1477 et
370 1436 520 1476 bibere
542 1436 599 1477 ob
618 1435 758 1476 solam
777 1436 1068 1490 voluptatem,
1085 1437 1162 1477 sed
1182 1442 1361 1490 propter
1379 1436 1563 1477 alteram

152 1505 409 1555 clausulam,
446 1519 560 1558 quae
597 1506 651 1546 acl
696 1506 885 1559 priorem
928 1505 1240 1546 stabiliendam
1279 1505 1564 1546 falsissimum

153 1575 270 1614 istud
308 1574 572 1627 principium
605 1574 782 1627 profert,
818 1575 937 1627 quod
976 1573 1125 1614 “licite
1161 1580 1309 1627 potest
1340 1575 1572 1628 appetitus¹

154 1642 365 1683 naturalis
390 1643 480 1682 suis
503 1642 834 1694 actibusfruz'.’'

209 1711 305 1761 638.
339 1709 487 1763 Quam
510 1710 753 1751 clausulam
773 1709 1016 1753 Cardenas2
1037 1711 1098 1753 sic
1117 1711 1304 1764 exponit
1322 1714 1415 1751 :—“
1432 1712 1562 1751 Prae-

154 1779 284 1819 mitto
321 1779 464 1832 primo
498 1779 735 1819 discrimen
767 1780 887 1832 quod
920 1780 1154 1821 intercedit
1188 1780 1301 1820 inter
1333 1779 1441 1819 haec
1475 1780 1567 1820 duo

155 1846 288 1887 verba
313 1847 422 1898 frui
455 1852 498 1887 et
535 1847 615 1888 uti.
690 1848 892 1888 Dicimur
926 1848 1043 1888 enim
1070 1848 1188 1900 frui,
1224 1853 1425 1900 respectu
1451 1847 1567 1901 finis

155 1915 346 1956 intenti:
379 1948 418 1956 ..
462 1916 651 1956 dicimur
682 1923 831 1957 autem
875 1916 952 1965 uti,
1006 1923 1208 1970 respectu
1261 1915 1396 1956 medii
1443 1915 1563 1968 quod

155 1983 418 2024 adhibemus
452 1984 508 2024 ad
543 1983 676 2025 finem
711 1986 1085 2038 consequendum.
1169 1985 1229 2024 Et
1271 1984 1333 2024 ita
1377 1983 1562 2032 Seneca,

156 2066 293 2105 agens
325 2066 425 2092 cum
458 2053 653 2106 quodam
676 2053 894 2106 discipulo
928 2053 1120 2106 Epicuri,
1142 2053 1204 2093 ait
1222 2055 1301 2093 ;--ί
1318 2052 1387 2092 Tu
1410 2051 1564 2105 volup-

151 2127 248 2179 ,tate
281 2120 446 2170 frueris,
479 2136 562 2175 ego
596 2122 736 2164 utor':
780 2123 824 2162 id
856 2129 934 2172 est,
966 2129 1013 2162 tu
1058 2122 1249 2163 intendis
1281 2121 1562 2175 voluptatem

155 2180 369 2242 tanquam
413 2189 558 2239 finem,
592 2204 676 2242 ego
709 2196 858 2231 autem
889 2190 1167 2243 voluptatem
1201 2190 1316 2243 eligo
1350 2196 1564 2242 tanquam

157 2259 352 2298 medium
398 2259 453 2299 ad
496 2259 860 2312 consequendum
903 2258 1095 2311 aliquem
1139 2257 1272 2298 finem
1310 2257 1563 2297 honestum.

158 2327 279 2367 Hinc
315 2326 364 2367 fit
400 2340 497 2367 eam
535 2327 895 2380 propositionem,
938 2327 1106 2367 ‘Licite
1147 2332 1296 2380 potest
1338 2325 1571 2379 appetitus

157 2394 368 2436 naturalis
410 2395 500 2435 suis
542 2396 714 2436 actibus
744 2394 876 2448 frni,’
919 2395 1223 2447 accipiendam
1261 2407 1357 2434 esse
1399 2394 1440 2433 in
1479 2393 1563 2435 hoc

289 2510 300 2530 1
319 2511 471 2552 Arriaga,
494 2511 549 2543 Tr.
570 2512 608 2542 de
623 2513 698 2542 Act.
718 2512 901 2548 lsumam's,
918 2511 1015 2552 Disp.
1033 2519 1086 2541 21.
1105 2517 1187 2542 sect.
1206 2511 1248 2543 iv.
1270 2521 1304 2542 n.
1322 2519 1377 2550 40.

287 2554 300 2574 2
318 2555 421 2585 crisis
443 2555 638 2595 Theoffigisa,
659 2555 748 2587 Diss.
769 2562 801 2595 7.
819 2566 893 2597 cap.
913 2563 942 2586 x.
961 2565 1016 2586 nn.
1035 2562 1154 2595 37-40.
