1716 2729
179 76 251 118 viii
641 75 871 131 Praefatio
901 77 939 118 A
949 76 1114 118 actoris.

181 193 292 253 sint,
322 209 482 256 neque
519 193 681 240 minus
707 192 963 257 divulgata
989 194 1035 240 in
1074 190 1254 239 scholis
1282 189 1575 254 theologicis

181 276 363 339 ubique
403 287 653 333 terrarum,
683 295 829 340 quam
869 295 995 341 quae
1043 277 1094 325 P.
1137 277 1277 339 Gury
1315 276 1419 338 ipse
1462 292 1573 323 con-

184 359 449 422 scripserit.

255 444 368 492 Hoc
394 462 514 493 vero
550 457 857 509 compertum
884 445 1045 505 habui,
1076 462 1163 491 usu
1191 444 1399 506 plurium
1426 459 1574 491 anno-

183 544 288 575 rum
305 528 510 576 edoctus
529 547 679 592 quum
703 528 1032 591 Theologiam
1052 529 1309 584 traderem,
1335 529 1573 576 rationem

182 613 244 659 ab
282 613 551 661 editoribus
588 613 858 660 adhibitam
899 612 1106 676 plurima
1144 613 1190 659 in
1231 613 1340 660 imis
1382 611 1576 676 paginis

183 698 453 744 annotandi
491 698 552 744 ad
592 709 781 745 textum
825 699 984 760 ipsum
1016 697 1361 760 explicandum
1407 709 1456 745 et
1492 697 1575 744 ali-

182 781 382 844 quando
408 782 753 845 corrigendum
795 799 890 829 non
919 783 1036 828 satis
1063 783 1344 844 prospicere
1381 781 1576 829 utilitati

184 883 353 913 eorum
381 866 463 928 qui
492 865 802 928 Theologiae
839 865 1012 913 Morali
1040 883 1239 928 operam
1267 866 1397 918 dant,
1424 865 1575 912 maxi-

185 968 262 998 me
302 950 652 1012 incipientium.
749 951 922 1012 Itaque
967 950 1310 997 existimabam
1352 968 1429 998 me
1475 967 1575 997 rem

184 1033 352 1081 utilem
390 1034 628 1081 facturum
657 1034 696 1081 si
734 1034 907 1081 eadem
947 1033 1092 1096 plane
1130 1035 1287 1082 forma
1311 1047 1360 1082 et
1389 1035 1576 1082 ratione

183 1119 346 1182 operis
390 1130 682 1167 conservata
721 1137 867 1182 quam
913 1119 963 1166 P.
1012 1119 1152 1182 Gury
1196 1120 1434 1179 adhibuit,
1480 1137 1574 1167 non

185 1203 333 1251 modo
372 1203 576 1251 materia
613 1202 835 1250 similiter
872 1203 918 1249 in
947 1203 1109 1265 capita
1135 1215 1184 1250 et
1210 1204 1456 1251 sectiones
1481 1204 1578 1250 dis-

184 1288 381 1347 tributa,
409 1287 498 1335 sed
537 1287 654 1350 ipsis
688 1286 943 1334 clarissimi
981 1287 1214 1334 Auctoris
1251 1287 1417 1334 verbis
1442 1304 1578 1334 usur-

183 1372 324 1434 patis,
353 1383 614 1419 tractatum
652 1371 945 1418 conficerem
985 1371 1229 1434 ejusmodi
1268 1372 1315 1418 in
1353 1390 1452 1435 quo
1480 1371 1572 1420 lec—

186 1467 330 1510 tores,
385 1472 482 1502 non
534 1454 756 1517 impediti
818 1454 983 1501 multis
1031 1456 1450 1517 annotationibus,
1502 1474 1580 1504 res

186 1538 331 1602 plene
358 1550 592 1586 tractatas
620 1538 666 1584 in
694 1549 832 1585 textu
861 1538 967 1601 ipso
993 1538 1248 1588 haberent.

256 1622 435 1685 Neque
462 1639 520 1669 ea
544 1633 676 1668 certe
703 1621 820 1668 mihi
847 1639 986 1669 mens
1014 1622 1103 1669 suit
1129 1635 1181 1670 ut
1206 1641 1330 1686 opus
1360 1624 1410 1672 Ρ.
1437 1624 1578 1687 Gury

183 1707 546 1766 submoverem,
573 1706 660 1753 sed
688 1718 738 1752 ut
763 1705 996 1753 adderem
1024 1724 1149 1769 quae
1176 1707 1219 1754 ei
1246 1707 1422 1755 deesse
1448 1709 1578 1756 vide·

186 1802 364 1851 rentur,
415 1801 563 1852 atque
622 1789 865 1836 efficerem
930 1801 995 1847 ut,
1047 1802 1184 1837 textu
1233 1792 1340 1854 ejus
1388 1792 1579 1854 plenius

184 1875 429 1938 explicato
466 1885 515 1921 et
542 1872 794 1929 illustrato,
821 1883 923 1920 tum
969 1873 1280 1923 Professores
1320 1878 1363 1922 ln
1400 1877 1489 1925 hac
1528 1895 1578 1925 re

184 1959 548 2026 pertractanda,
598 1969 699 2004 tum
762 1956 1027 2018 auditores,
1091 1959 1213 2007 libro
1273 1964 1580 2010 commodius

183 2056 453 2093 uterentur.

255 2129 369 2176 Hoc
419 2144 546 2189 opus
596 2138 710 2174 ante
761 2127 926 2190 plures
974 2145 1130 2175 annos
1174 2133 1382 2195 suscepi,
1425 2150 1575 2196 quum

182 2212 523 2260 existimarem
564 2209 778 2257 futurum
806 2228 917 2258 esse
944 2221 995 2257 ut
1022 2212 1067 2258 in
1104 2224 1207 2260 toto
1233 2215 1332 2263 sere
1359 2216 1575 2265 Theolo-

181 2298 293 2359 giae
334 2293 542 2341 Moralis
586 2311 744 2354 cursu,
772 2307 855 2342 aut
897 2294 1071 2341 saltem
1116 2297 1161 2343 in
1202 2300 1384 2362 majore
1422 2313 1574 2363 parte,

182 2380 311 2427 idem
345 2377 580 2441 perficere
606 2395 818 2440 possem.
886 2379 1065 2441 Neque
1088 2396 1288 2430 necesse
1314 2396 1387 2431 est
1413 2386 1574 2432 dicere

182 2482 240 2511 ea
275 2479 404 2525 quae
443 2461 489 2508 in
528 2461 704 2508 ceteris
731 2461 1019 2508 tractatibus
1055 2463 1284 2512 addenda
1317 2468 1575 2516 videantur

181 2546 335 2594 multo
362 2545 592 2608 pauciora
619 2562 728 2592 esse
765 2563 910 2607 quam
939 2563 1064 2608 quac
1090 2548 1368 2598 desiderata
1406 2552 1502 2600 sint
1528 2554 1574 2601 in
