1716 2729
130 85 154 124 8
161 86 183 124 8
719 83 949 124 Tractatus
1360 81 1418 135 [G
1426 91 1455 122 U
1463 91 1526 122 RY
1534 116 1542 131 ‚

129 205 278 253 potest
297 213 305 249 ;
329 199 555 239 moraliter
574 213 694 249 vero,
716 199 751 239 si
773 199 887 240 vinci
911 198 1066 252 nequit
1088 198 1293 239 adhibita
1314 198 1546 251 diligentia

130 267 302 307 morali.
381 267 515 307 Porro
568 268 746 309 moralis
796 267 1029 320 diligentia
1072 273 1277 307 censetur
1318 280 1370 307 ea
1412 280 1546 319 quam

131 335 335 376 homines
359 336 611 388 prudentes,
632 351 712 389 pro
735 336 800 376 rei
813 336 1053 388 gravitate,
1070 336 1305 387 capacitate
1327 342 1548 387 personae,

132 417 183 444 ac
225 403 566 444 circumstantiis
603 405 749 457 operis,
791 403 1003 444 adhibere
1035 403 1192 452 solent,
1236 409 1314 444 aut
1354 403 1411 443 ab
1453 403 1548 443 aliis

133 472 380 512 adhibitam
399 473 647 525 approbare
665 479 712 512 ut
726 471 1031 513 sufficientem.
1096 471 1198 512 Non
1218 472 1335 511 enim
1354 471 1550 524 exigitur

134 547 183 581 ut
205 541 302 593 quis
324 554 500 594 semper
521 541 733 582 adhibeat
754 541 1035 594 diligentiam
1057 554 1276 580 summam
1300 553 1414 593 quae
1437 540 1480 580 in
1503 554 1549 580 se

135 609 358 662 possibilis
401 610 466 650 sit.
534 610 730 661 Ideoque
774 615 823 649 ut
865 609 1154 661 dignoscatur
1191 622 1411 662 quaenam
1454 608 1551 649 dili-

136 678 299 731 gentia,
322 678 364 717 in
401 678 550 731 aliquo
574 691 691 727 casu,
713 678 938 719 censenda
969 677 1027 717 sit
1062 678 1254 726 moralis,
1277 677 1554 729 inspicienda

137 752 205 785 est
244 750 282 784 10
304 747 368 786 rci
389 747 598 798 gravitas
615 763 631 794 ,·
671 761 760 800 quo
791 747 968 800 gravior
1003 746 1119 785 enim
1159 752 1225 786 est
1261 759 1328 786 res
1369 747 1425 786 de
1466 759 1554 798 qua

138 815 295 867 agitur,
318 829 369 855 eo
393 829 498 856 sane
537 815 705 868 majore
737 815 970 868 diligentia
993 828 1103 867 opus
1127 820 1194 854 est
1232 815 1274 854 in
1299 828 1351 854 ea
1374 815 1554 854 investi-

138 887 288 941 ganda
307 900 315 926 :
339 885 400 924 sic
423 898 503 937 vg.
529 884 567 924 ei
583 885 657 937 qui
682 884 874 924 officium
892 883 1150 933 sacerdotiS,
1172 883 1433 936 praesertim
1451 896 1555 923 vero

140 953 408 1002 confessarii,
433 959 499 992 est
532 958 828 1005 suscepturus,
850 965 983 991 omne
1004 952 1202 992 studium
1235 951 1554 992 conferendum

138 1030 206 1065 θεῖ
229 1023 285 1063 ad
309 1036 361 1062 ea
383 1020 657 1061 addiscenda
675 1034 790 1073 quae
815 1020 871 1060 ad
896 1033 1057 1059 munus
1081 1026 1198 1060 recte
1215 1019 1554 1072 exsequendum

140 1097 370 1147 spectant:
410 1103 554 1143 neque
578 1090 696 1129 enim
736 1089 951 1141 exiguum
976 1094 1044 1128 est
1076 1089 1393 1128 detrimentum
1417 1088 1557 1128 fideli-

140 1163 223 1202 bus
247 1174 297 1200 ac
321 1158 580 1212 praesertim
604 1158 936 1210 poenitentibus
966 1157 1264 1197 obventurum
1289 1171 1346 1197 ex
1369 1171 1421 1197 eo
1436 1157 1557 1210 quod

141 1231 239 1283 quis
262 1229 327 1268 sui
351 1227 544 1267 muneris
567 1219 745 1279 ignarus
767 1225 962 1265 officium
995 1226 1109 1266 tanti
1133 1226 1278 1266 oneris
1311 1239 1558 1278 exsequen-

142 1300 248 1338 dum
273 1296 468 1349 suscipit.
534 1295 821 1348 Inspicienda
843 1302 910 1335 est
934 1298 978 1334 2Ο
998 1295 1213 1347 capacitas
1228 1301 1432 1347 personae
1446 1310 1466 1344 ,·
1497 1295 1559 1336 sic

142 1380 228 1420 v.g.
264 1365 454 1406 indoctis
489 1365 666 1417 saepius
703 1363 864 1404 sufficit
899 1363 1129 1404 consulere
1165 1363 1299 1404 alium
1339 1364 1413 1416 qui
1452 1364 1560 1404 satis

144 1435 303 1475 doctus
326 1435 381 1473 sit
421 1439 555 1485 atque
587 1433 646 1472 rei
679 1432 735 1472 de
757 1445 845 1484 qua
878 1433 1025 1485 agitur
1058 1432 1250 1486 peritus;
1287 1432 1560 1473 doctioribus

145 1510 294 1544 autem
332 1515 464 1554 saepe
497 1515 609 1554 opus
631 1507 698 1541 est
736 1507 784 1541 ut
821 1501 902 1554 ipsi
931 1514 1022 1541 rem
1061 1507 1403 1554 perscrutentur,
1426 1501 1561 1541 libros

145 1572 348 1625 legendo,
382 1570 702 1624 perpendendo
725 1570 895 1610 motiva
928 1570 1157 1622 utriusque
1190 1570 1340 1622 partis,
1363 1576 1458 1619 etc.‚
1481 1575 1561 1610 etc.

148 1641 354 1694 Denique
394 1643 436 1690 30
470 1638 771 1692 inspiciendae
803 1645 907 1678 sunt
939 1638 1291 1678 circumstantiae
1325 1638 1367 1677 in
1401 1638 1561 1691 quibus

147 1724 259 1762 opus
282 1708 530 1762 perficitur3
562 1720 885 1760 nonnunquam
909 1707 1027 1746 enim
1051 1707 1159 1747 satis
1182 1713 1248 1747 θεῖ
1281 1706 1560 1759 diligentiam

149 1778 367 1817 minorem
405 1776 628 1825 adhibere,
665 1789 717 1816 eo
756 1776 876 1828 quod
916 1782 1093 1829 tempus
1128 1789 1216 1815 non
1255 1776 1463 1829 suppetit,
1485 1782 1563 1816 aut

148 1845 314 1897 aliquid
353 1845 471 1885 aliud
510 1844 661 1884 obstat
699 1844 936 1897 quominus
978 1844 1234 1897 diligentius
1271 1845 1331 1885 rei
1369 1858 1561 1885 examen

150 1913 322 1954 institui
355 1913 813 1966 possit.——Hactenus
839 1914 893 1953 de
926 1913 1071 1966 priore
1104 1919 1229 1966 parte
1261 1912 1561 1953 definitionis:

150 1982 313 2022 deinde
344 1981 637 2033 subjungitur,
670 1984 690 2000 “
704 1981 905 2021 adscibere
935 1981 1092 2030 solent,
1115 1988 1191 2022 aut
1217 1981 1274 2022 ab
1305 1981 1401 2022 aliis
1439 1980 1562 2022 adhi-

151 2050 291 2090 bitam
315 2049 546 2103 approbare
578 2055 627 2089 ut
656 2049 929 2103 sufficientem
947 2049 991 2098 ‚·''
1025 2051 1190 2090 etenim
1214 2064 1346 2103 saepe
1369 2049 1417 2090 fit
1440 2055 1488 2090 ut
1519 2051 1563 2090 in

151 2118 306 2159 officiis
328 2119 417 2158 suis
441 2118 743 2170 persolvendis
761 2118 878 2159 haud
903 2118 1102 2171 paullum
1118 2119 1396 2172 negligentes
1418 2119 1504 2158 sint
1522 2119 1563 2168 ii,

153 2187 240 2239 qui,
277 2187 490 2239 quamdiu
524 2186 579 2225 de
617 2186 713 2225 aliis
757 2187 913 2239 agitur,
956 2188 1252 2240 obligationes
1294 2193 1337 2227 et
1381 2200 1564 2227 munera

153 2254 495 2310 prudentissime
517 2255 806 2306 perpendant.

215 2336 307 2364 222.
344 2323 440 2363 Pari
479 2322 661 2372 ratione,
688 2324 860 2375 plzysicc
880 2324 1096 2365 vincibilis
1117 2325 1278 2365 dicitur
1315 2324 1565 2377 ignorantia

154 2407 286 2446 quam
311 2392 408 2444 quis
430 2390 647 2440 absolute,
670 2405 745 2431 seu
767 2406 984 2432 summam
1002 2392 1258 2433 adhibendo
1275 2393 1566 2445 diligentiam,

155 2461 377 2514 depellere
419 2466 592 2513 potest;
635 2459 860 2499 moraliter
899 2460 1116 2500 vincibilis
1156 2461 1317 2502 dicitur
1358 2475 1409 2501 ea
1450 2474 1564 2513 quae

154 2532 269 2572 vinci
293 2536 441 2584 potest
463 2529 664 2570 adhibita
686 2529 916 2582 diligentia
940 2530 1107 2570 morali.
