1716 2729
161 122 246 174 236
740 122 967 164 Tractatus
1395 122 1574 179 [GURY,

157 238 268 292 [non
300 238 444 279 solum
478 239 707 280 moraliter
740 239 907 290 bouum,
932 245 981 280 ut
1018 253 1152 293 supra
1186 240 1357 281 dictum
1391 246 1470 291 est,
1493 240 1572 282 sed

155 305 218 360 et]
253 307 527 349 meritorium
550 308 632 349 erit
654 308 698 347 in
720 321 773 348 eo
805 308 881 361 qui
904 308 1168 350 charitatem
1191 307 1382 350 habet.”1

216 376 312 426 684.
349 375 417 425 De
459 382 618 417 ornatu
671 376 919 417 mulierum.
1004 381 1027 398 ⁴⁴
1043 376 1092 418 Si
1137 376 1342 418 mulieres
1394 381 1574 430 portent

156 451 423 486 ornamenta
464 445 668 487 decentia
709 447 955 487 secundum
997 452 1165 487 statum
1208 453 1253 487 et
1303 447 1571 500 dignitatem

157 527 296 563 suam,
319 520 363 554 et
400 514 631 555 moderate
664 527 710 554 se
744 513 941 554 habeant
970 514 1014 554 in
1038 514 1165 557 factis
1199 515 1289 555 suis
1324 515 1570 556 secundum

156 582 526 622 consuetudinem
542 582 723 635 patriae,
745 581 830 622 erit
848 588 969 622 actus
992 582 1173 623 virtutis
1194 583 1435 634 modestiae,
1458 596 1573 635 quae

159 651 342 691 modum
381 652 477 704 [seu
517 651 729 701 medium]
776 651 905 704 ponit
937 651 980 691 in
1013 651 1199 703 incessu,
1233 658 1366 702 statu,
1400 652 1570 701 habitu,

158 724 202 758 et
224 718 432 759 omnibus
469 719 665 759 motibus
688 719 1012 770 exterioribus;
1050 726 1094 761 et
1125 722 1291 774 poterit
1314 734 1410 761 esse
1441 720 1572 761 meri-

156 787 309 838 torius,
333 788 368 828 si
392 788 449 829 sit
485 801 586 828 curn
619 787 774 841 gratia.
839 787 1053 829 Similiter
1085 789 1119 829 si
1143 789 1275 830 faciat
1313 796 1362 830 ut
1395 788 1572 842 placeat

157 857 365 897 decenter
378 857 471 897 viro
494 870 587 906 suo,
605 870 737 910 quem
761 856 909 907 habet,
930 857 1000 897 vel
1022 858 1221 911 accipere
1239 855 1427 900 debet.’'2

215 926 310 977 685.
345 926 416 966 De
444 926 652 980 operibus
684 926 906 967 amicitiae
938 931 982 966 et
1013 928 1240 968 societatis
1273 927 1424 969 civilis.
1486 926 1572 968 “Si

156 993 318 1047 aliquis
355 994 486 1035 alicui
522 994 731 1047 loquatur
772 1008 830 1034 ex
867 996 1064 1047 quadam
1105 996 1221 1036 civili
1264 996 1460 1037 amicitia
1501 995 1572 1036 vel

157 1064 292 1105 etiam
335 1063 515 1116 aliquod
551 1076 663 1116 opus
700 1062 936 1103 amicabile
969 1063 1024 1103 ad
1063 1063 1210 1117 ipsum
1244 1071 1451 1106 exerceat
1489 1066 1571 1113 [est

156 1137 282 1171 actus
304 1130 480 1171 virtutis
503 1130 743 1184 politicae,]
768 1143 854 1171 non
880 1130 1149 1182 indifferens,
1171 1133 1249 1173 sed
1273 1133 1329 1173 de
1357 1146 1403 1172 se
1426 1133 1569 1182 bouus,

157 1204 202 1239 et
223 1199 258 1239 si
282 1198 339 1239 sit
370 1199 514 1252 gratia
535 1198 809 1248 informatus,
832 1199 913 1239 erit
936 1200 1194 1240 meritorius.
1227 1234 1235 1241 .
1267 1233 1275 1241 .
1339 1200 1458 1254 Quia
1480 1213 1569 1241 non

157 1274 307 1321 potest
343 1281 439 1308 esse
472 1274 610 1318 actus,
632 1267 877 1320 procedens
915 1268 972 1308 ab
994 1268 1144 1322 aliquo
1166 1269 1453 1319 deliberante,
1477 1269 1572 1310 sine

157 1338 406 1378 intentione
427 1337 541 1378 finis.
606 1337 728 1377 Finis
751 1343 903 1378 autem
926 1338 999 1378 ille
1022 1346 1088 1380 est
1111 1340 1279 1381 bonum
1302 1340 1571 1381 conveniens

157 1406 328 1446 homini
351 1405 419 1446 vel
442 1407 687 1447 secundum
710 1405 921 1456 animam,
943 1406 1012 1447 vel
1035 1408 1279 1448 secundum
1307 1415 1467 1461 corpus,
1499 1407 1570 1448 vel

159 1475 404 1514 secundum
429 1475 564 1514 etiam
603 1488 671 1514 res
698 1474 925 1515 exteriores
946 1489 1061 1529 quae
1083 1477 1140 1517 ad
1177 1482 1416 1529 utrumque
1453 1476 1571 1516 ordi-

159 1549 347 1593 nantur3
382 1549 425 1583 et
459 1542 543 1583 hoc
575 1543 756 1595 quidem
790 1542 971 1594 bonum,
1004 1544 1095 1584 uisi
1125 1544 1186 1584 sit
1219 1544 1485 1585 contrarium
1509 1543 1570 1583 illi

157 1611 278 1651 bono
301 1611 419 1664 quod
444 1617 511 1651 est
533 1611 726 1651 hominis
741 1612 909 1652 bonum
931 1613 1177 1653 secundum
1202 1613 1432 1662 rationem,
1451 1612 1570 1652 recti-

157 1679 349 1720 tudinem
373 1679 555 1720 virtutis
574 1679 719 1719 civilis
738 1679 875 1729 liabet,
897 1681 1001 1733 quia
1023 1681 1161 1722 virtus
1183 1681 1321 1722 civilis
1353 1681 1504 1734 dirigit
1525 1680 1569 1720 in

157 1747 366 1788 omnibus
408 1761 522 1800 quae
563 1754 669 1788 sunt
712 1749 922 1801 corporis,
965 1755 1009 1789 et
1050 1750 1185 1789 etiam
1223 1763 1337 1802 quae
1388 1755 1570 1803 propter

158 1829 321 1870 corpus
344 1822 617 1868 quaeruntur
636 1830 644 1867 3
685 1817 803 1856 unde
826 1816 860 1855 si
898 1815 965 1855 his
987 1815 1147 1868 aliquis
1184 1815 1454 1856 mediocriter
1474 1814 1570 1867 [seu

158 1898 247 1925 non
271 1885 503 1926 discedens
526 1898 551 1924 a
573 1883 727 1937 medio]
753 1890 914 1933 utatur,
938 1884 1019 1924 erit
1042 1899 1146 1925 usus
1169 1891 1305 1925 rectus
1325 1884 1420 1938 [seu
1444 1889 1569 1925 actus

157 1953 356 2006 virtutis]
377 1967 386 2004 ;
411 1953 446 1992 si
468 1959 618 1993 autem
642 1953 888 1993 secundum
910 1951 1230 1993 abundantiam
1255 1951 1317 2005 [id
1350 1958 1416 1992 est
1437 1965 1570 1992 exces-

153 2021 271 2074 sum]
294 2021 362 2062 vel
381 2020 604 2073 defectum,
627 2021 709 2062 erit
731 2034 836 2061 usus
858 2019 1043 2062 vitiosus
1063 2021 1216 2061 virtuti
1239 2016 1527 2073 oppositus.”3

214 2090 310 2131 686.
345 2090 415 2130 De
437 2090 644 2143 operibus
681 2089 911 2143 quibusvis
934 2103 1023 2130 non
1047 2103 1105 2130 ex
1127 2103 1175 2129 se
1207 2089 1349 2129 malis.
1411 2093 1433 2109 ‘⁸
1451 2088 1568 2130 Con-

157 2158 290 2212 tingit
307 2159 576 2211 quandoque
598 2158 719 2211 quod
733 2157 870 2198 homo
895 2172 984 2198 non
1006 2158 1182 2199 ordinet
1203 2157 1396 2210 aliquem
1414 2164 1565 2198 actum

158 2228 202 2268 in
226 2228 389 2278 Deum,
421 2241 559 2281 quum
582 2234 734 2268 tamen
756 2234 882 2268 actus
905 2226 977 2267 ille
998 2227 1051 2267 de
1068 2240 1111 2267 se
1131 2240 1215 2266 nott
1245 2225 1460 2266 contiueat
1477 2225 1560 2267 ali-

157 2310 288 2349 quam
328 2296 695 2338 deordinatiouem
735 2296 906 2336 ratione
947 2294 1073 2349 cujus
1108 2308 1197 2335 non
1235 2294 1292 2334 sit
1334 2294 1379 2334 in
1416 2294 1565 2336 Deum

156 2365 401 2417 rcferibilis,
423 2371 468 2406 et
504 2365 609 2418 quia
638 2378 763 2404 mens
800 2364 992 2404 hominis
1025 2369 1093 2404 est
1123 2363 1408 2404 ltabitualz'ter
1427 2363 1567 2406 relata

202 2465 211 2486 ¹
229 2467 273 2497 ln
297 2474 330 2497 2.
347 2466 422 2497 Lib.
440 2466 532 2497 Sent.
553 2465 641 2496 Dist.
658 2474 712 2504 40.
733 2470 861 2507 quaest.
884 2473 911 2496 Ι.
928 2470 991 2495 art.
1011 2471 1040 2505 5.

204 2508 275 2539 2ln
299 2515 370 2550 cap.
400 2510 572 2550 3.,lsaiae‚
597 2509 640 2540 ad
669 2508 725 2539 fin.
771 2508 848 2540 Vid.
878 2508 979 2540 etiam
1005 2510 1158 2546 Summa,
1186 2516 1218 2539 2.
1245 2516 1280 2540 2.
1316 2508 1456 2548 Quaest.
1485 2508 1562 2549 159.

157 2557 219 2615 :mg
234 2561 276 2626 lln
290 2557 332 2628 θεῖ.
345 2561 424 2628 ἳίὂ.
450 2596 537 2628 Sent.
555 2595 644 2627 Dist.
659 2603 714 2634 40.
740 2599 868 2636 quaest.
891 2602 918 2627 1.
933 2598 995 2625 art.
1013 2601 1045 2635 5.
