1716 2729
161 79 204 106 n.
231 63 318 120 26]
613 63 665 104 de
684 62 866 104 Actibus
884 64 1122 107 Humanis.
1493 67 1573 120 167

219 181 315 233 456.
351 178 842 238 Principium.—Ex
891 181 1051 221 morali
1090 181 1238 234 objecto
1289 183 1457 223 honesto
1496 189 1577 223 aut

160 249 379 290 inhonesto
399 246 644 288 desumitur
651 246 877 298 primaria
897 254 1018 288 actus
1039 250 1279 291 moralitas.

217 328 316 370 457.
351 317 424 358 Ex
446 329 577 370 supra
599 314 743 356 dictisl
776 322 900 369 patet
922 318 1083 358 morale
1104 318 1331 371 objectum
1365 326 1568 361 constare

161 401 219 428 ex
242 387 294 427 iis
328 385 534 426 omnibus
572 397 629 423 ex
667 385 829 437 quibus
863 392 988 426 actus
1026 386 1088 426 ita
1124 388 1422 428 constituatur
1442 395 1491 429 ut
1516 389 1572 429 ad

160 455 355 509 aliquam
378 454 589 494 virtutem
613 459 690 493 aut
712 453 870 493 vitium
903 455 1136 507 pertineat.
1199 455 1420 508 Jamvero‚
1442 463 1486 497 ut
1512 458 1574 497 ait

161 520 316 576 Gury,2
361 521 587 561 moralitas
629 534 743 572 quae
787 522 951 562 actioni
994 536 1052 563 ex
1097 522 1353 575 hujusmodi
1397 524 1574 576 objecto

159 593 274 633 inest
311 590 558 643 concipitur
589 596 694 630 ante
731 604 914 631 omnem
952 592 1101 642 aliam,
1137 606 1250 645 quae
1282 594 1373 633 sive
1395 606 1453 633 ex
1476 593 1576 643 fine,

158 651 275 700 sive
305 673 363 700 ex
416 658 774 707 circumstantiis,
834 661 1046 712 provenit.
1111 660 1185 702 Sic
1239 674 1321 713 vg.
1365 662 1575 714 primaria

159 729 385 770 moralitas
417 728 520 768 furti
553 728 596 767 in
631 741 684 767 eo
717 729 921 770 consistit
952 731 1073 783 quod
1107 745 1176 771 res
1205 731 1351 771 aliena
1371 732 1578 783 aufertur

155 797 326 838 domino
362 796 682 837 rationabiliter
718 797 867 844 invito,
893 812 1007 852 quae
1039 813 1147 840 sane
1180 799 1436 841 inhonestas
1468 814 1574 841 con-

155 867 315 919 cipitur
356 871 460 906 ante
494 878 674 905 omnem
710 865 856 914 aliam,
896 880 1012 919 quae
1048 869 1252 920 provenit
1286 869 1377 909 sive
1413 868 1480 921 (a)
1514 882 1573 909 ex

142 935 249 988 fine,
270 948 354 987 vg.
379 948 436 974 ex
460 947 512 974 eo
534 934 654 986 quod
678 934 776 987 quis
801 934 969 976 furatus
993 943 1059 976 est
1081 949 1134 976 eo
1151 936 1302 976 animo
1325 943 1373 977 ut
1396 937 1576 978 vendita

153 1017 199 1043 re
236 1002 398 1044 furtiva
434 1003 586 1043 vinum
624 1009 745 1043 emat
778 1003 843 1043 ad
871 1018 916 1044 se
949 1004 1266 1055 inebriandum,
1298 1007 1391 1047 sive
1428 1006 1488 1058 (b)
1514 1020 1573 1047 ex

153 1070 504 1121 circmnstantiis,
525 1085 605 1124 v.g.
630 1085 688 1112 ex
712 1086 764 1112 eo
787 1073 907 1126 quod
931 1087 1020 1114 rem
1042 1089 1212 1115 sacram
1235 1075 1405 1116 furatus
1428 1083 1504 1117 est.

213 1141 309 1192 458.
346 1141 396 1180 In
428 1140 646 1193 principio
679 1140 958 1182 enuntiando
980 1142 1150 1183 dictum
1174 1150 1241 1183 est
1274 1144 1573 1186 moralitatem

156 1214 281 1248 actus
303 1208 475 1248 desumi
498 1222 549 1248 ex
567 1208 719 1261 objecto
741 1208 912 1250 honesto
932 1217 1013 1250 aut
1037 1211 1252 1251 inhonesto
1266 1227 1283 1259 ‚·
1304 1226 1422 1262 nam,
1447 1220 1494 1254 ut
1516 1228 1575 1254 ex

151 1276 282 1317 dictis
324 1289 365 1316 n.
406 1286 504 1328 437.
548 1282 688 1329 patet,
715 1277 890 1330 quoties
931 1278 1159 1331 objectum
1204 1280 1456 1333 indifferens
1493 1289 1571 1332 est,

155 1344 431 1385 desumenda
470 1350 536 1384 est
570 1350 696 1385 actus
735 1346 966 1387 moralitas
1000 1361 1058 1387 ex
1097 1347 1184 1388 fine
1207 1355 1284 1389 aut
1307 1363 1364 1389 ex
1387 1351 1572 1392 circum-

157 1413 344 1462 stantiis,
367 1426 481 1466 quae
508 1413 592 1454 hoc
624 1428 729 1455 casu
754 1415 961 1456 dicuntur
992 1417 1168 1469 ingredi
1198 1418 1408 1460 rationem
1429 1420 1578 1473 objecti

156 1484 347 1525 moralis.
410 1485 513 1524 Vid.
539 1485 751 1538 exempla
773 1499 907 1538 supra
929 1487 1094 1527 ibidem
1119 1489 1294 1529 tradita.

211 1562 313 1604 459.
349 1552 495 1606 Supra
533 1553 589 1606 (n.
613 1554 733 1607 443.)
771 1555 975 1603 vidimus,
1000 1557 1121 1609 quod
1157 1558 1265 1598 satis
1299 1558 1479 1610 quidem
1514 1573 1572 1600 ex

149 1621 243 1674 jam
279 1621 499 1674 expositis
535 1628 672 1675 patet,
698 1622 924 1675 objectum
962 1638 1021 1664 ex
1059 1638 1148 1678 quo
1187 1627 1414 1668 moralitas
1448 1635 1573 1670 actus

152 1692 413 1732 desumatur
449 1704 537 1732 non
576 1705 672 1732 esse
706 1691 933 1744 objectum
971 1700 1192 1743 remotum,
1224 1708 1300 1735 seu
1333 1709 1424 1736 rem
1457 1698 1573 1738 circa

154 1773 289 1812 quam
313 1754 438 1801 actus
460 1766 674 1810 versetur,
700 1761 780 1801 sed
808 1761 1063 1813 proximum
1085 1762 1311 1815 objectum
1331 1779 1339 1814 ;
1363 1767 1498 1818 quod,
1522 1771 1572 1807 ut

152 1828 358 1878 vidimus,
402 1828 509 1868 nihil
547 1828 667 1869 aliud
706 1834 773 1869 est
809 1843 943 1882 quam
980 1837 1102 1870 actus
1143 1832 1400 1883 substantia,
1436 1840 1572 1887 atque

151 1897 332 1947 bonum,
365 1899 546 1949 malum,
568 1906 646 1940 aut
680 1899 936 1940 indifferens
969 1906 1048 1950 est,
1070 1907 1201 1953 prout
1227 1901 1432 1943 voluntas
1455 1904 1571 1945 circa

153 1966 377 2018 objectum
423 1973 633 2007 remotum
689 1974 889 2008 versetur
921 1968 1057 2008 modo
1100 1969 1262 2022 regulis
1306 1971 1570 2012 moralitatis

152 2037 367 2077 conformi
390 2043 467 2078 aut
489 2037 697 2078 difformi.

210 2107 306 2156 460.
343 2106 552 2159 Ideoque,
575 2113 622 2147 ut
646 2120 735 2146 rem
762 2107 954 2148 illustrat
977 2106 1136 2157 Perinf*
1157 2122 1305 2150 amare
1330 2110 1476 2151 Deum
1501 2118 1567 2152 est

153 2188 211 2214 ex
252 2173 429 2226 objecto
470 2174 674 2226 bonum;
723 2189 811 2215 non
854 2177 959 2229 quia
1001 2177 1124 2217 Deus
1178 2178 1234 2218 sit
1277 2191 1353 2217 ens
1395 2178 1567 2220 infinite

154 2242 412 2295 perfectum,
448 2244 525 2283 sed
569 2245 673 2297 quia
717 2244 880 2297 regulis
923 2245 1187 2287 moralitatis
1231 2246 1457 2288 conforme
1498 2254 1566 2289 est

327 2426 334 2446 ¹
363 2426 441 2456 Vid.
458 2437 514 2457 nn.
530 2434 606 2467 437,
625 2428 699 2468 438.

326 2469 339 2489 2
364 2470 451 2500 Part.
472 2469 493 2500 i.
514 2480 545 2500 n.
568 2471 620 2501 26.

326 2513 339 2532 3
370 2513 475 2543 Tracl.
491 2513 528 2544 de
544 2517 619 2544 Acl.
646 2515 836 2554 Humanis,
856 2515 993 2555 Quaest.
1020 2523 1052 2555 4.
1078 2518 1138 2546 art.
1159 2513 1195 2545 ii.
1217 2513 1230 2554 ᾧ
1249 2522 1277 2545 1.
