1716 2729
147 101 232 143 206
708 104 748 144 T
746 110 944 145 metatus
1368 103 1427 158 [G
1435 113 1466 145 U
1473 114 1548 152 ΚΥ,

144 218 294 267 rarius,
338 225 488 259 tamen
542 220 785 274 aliquando
836 220 949 261 fiunt
999 226 1124 262 actus
1168 221 1242 275 qui
1285 235 1344 261 ex
1377 221 1564 275 objecto¹

146 287 370 328 moraliter
390 287 496 328 boni
518 295 596 329 aut
618 289 722 329 mali
755 296 870 330 sunt.

205 358 301 409 598.
336 357 534 410 Insuper,
575 364 623 398 ut
665 358 773 398 satis
814 373 873 398 ex
924 359 1124 399 dicendis
1166 359 1210 399 in
1253 359 1468 401 Tractatu
1506 361 1560 401 de

147 423 414 466 Conscientia
445 426 629 479 patebit,
652 426 736 467 hoc
768 427 893 467 lertio
924 427 1100 467 evenire
1131 433 1280 480 potest
1311 427 1346 467 si
1379 429 1487 481 quis,
1511 443 1558 470 re

143 494 257 534 bene
279 507 508 547 perpensa,
531 494 649 535 bona
672 494 759 535 fide
776 494 949 548 judicat
973 495 1266 536 Scotistarum
1289 497 1557 537 sententiam

144 575 239 602 esse
295 562 436 602 solide
492 563 784 616 probabilem,
826 570 904 604 aut
950 563 1109 604 saltem
1155 564 1190 604 si
1238 562 1411 616 judicat
1458 578 1558 606 eam

141 644 239 670 esse
273 631 528 671 notabiliter
567 631 911 684 probabiliorem
957 632 1179 672 sententia
1209 631 1557 672 Thomistarum.

144 698 361 752 Quamvis
385 700 502 740 enim
528 700 638 740 falsa
660 706 777 741 esset
799 701 1021 741 sententia
1043 700 1350 751 Scotistarum‚
1372 701 1486 741 adeo
1508 707 1557 742 ut

142 768 286 821 reipsa
309 768 451 808 malus
474 774 590 808 esset
613 775 738 809 actus
761 769 836 822 qui
865 769 959 809 sine
987 768 1201 809 relatione
1223 768 1279 808 de
1301 769 1558 823 qua‘agitur

141 836 434 889 perficeretur,
457 843 608 877 tamen
631 838 700 878 vel
724 838 806 891 ipsi
829 838 1093 879 Thomistae
1122 838 1249 879 fateri
1271 838 1437 879 debent
1458 838 1557 879 illos

140 905 303 957 quibus
340 919 392 946 ea
426 906 649 946 sententia
686 906 828 947 solide
870 899 1122 960 probabilis,
1144 914 1221 948 aut
1261 907 1420 947 saltem
1458 907 1557 948 illos

140 973 301 1026 quibus
320 973 575 1015 notabiliter
588 974 869 1027 probabilior,
882 976 1097 1025 videatur,
1112 990 1137 1016 a
1160 981 1343 1028 peccato
1362 975 1560 1027 formali

140 1043 345 1083 excusari
378 1056 522 1095 posse,
546 1044 791 1084 secundum
825 1044 1052 1097 principiav
1073 1058 1099 1084 a
1139 1043 1455 1093 Probabilistis‚
1479 1050 1556 1084 aut

141 1111 299 1152 saltem
342 1125 368 1151 a
408 1111 796 1161 Probabilioristis,
838 1111 1099 1169 tradita.}-—-
1124 1112 1225 1152 Hoc
1266 1119 1429 1161 tamen,
1472 1113 1556 1153 etsi

137 1180 324 1220 omnino
345 1179 529 1232 quidem
553 1180 789 1230 immerito,
812 1188 978 1234 negant
1014 1181 1215 1222 nonnulli
1253 1194 1276 1220 6
1308 1180 1556 1222 Thomistis

140 1248 465 1302 insignioribus.
548 1248 622 1290 Sic
658 1263 742 1303 v.g.
778 1250 840 1290 ait
875 1250 1090 1292 Billuart:
1123 1254 1146 1271 “
1163 1249 1360 1303 Quidam
1403 1250 1556 1291 existi-

142 1324 266 1358 mant
289 1331 420 1371 posse
454 1317 497 1357 in
535 1317 620 1358 hoc
653 1332 758 1358 casu
795 1318 890 1358 dari
927 1325 1078 1360 actum
1117 1318 1443 1359 indifferentem
1474 1325 1559 1371 per

137 1385 342 1435 accidens,
377 1392 421 1426 et
465 1386 637 1426 ratione
680 1387 960 1439 ignorantiae
1001 1387 1268 1428 invincibilis
1293 1420 1301 1427 .
1346 1415 1356 1424 .
1392 1386 1555 1427 Melius

139 1460 291 1494 tamen
313 1454 489 1494 videtur
510 1455 768 1506 negandum
792 1468 924 1508 posse
945 1456 1039 1496 dari
1054 1455 1351 1509 ignorantiam
1374 1455 1555 1495 invinci-

139 1522 273 1563 bilem
316 1522 602 1575 obligationis
654 1522 927 1576 praefigendi
982 1524 1072 1564 suis
1128 1523 1378 1564 actionibus
1419 1523 1555 1564 finem

137 1589 436 1632 honestum.”2
468 1591 507 1631 E
525 1591 746 1631 contrario
763 1597 927 1641 tamen,
950 1598 998 1632 ut
1015 1591 1331 1632 animadvertit
1348 1591 1553 1644 Arriaga,

137 1661 212 1713 qui
235 1666 426 1701 testatur
462 1673 508 1699 se
545 1672 773 1712 nunquam
811 1660 867 1699 de
909 1659 983 1700 illa
1022 1660 1296 1713 obligatione
1333 1660 1548 1701 referendi

139 1736 265 1770 actus
307 1729 530 1781 cogitasse
573 1729 716 1768 donec
757 1728 954 1768 audisset
996 1729 1303 1781 quaestionem
1345 1728 1460 1771 hanc
1502 1729 1546 1770 in

136 1797 298 1838 scholis
320 1797 491 1849 agitari,
514 1796 698 1836 omnino
720 1796 958 1836 dicendum
981 1797 1155 1837 videtur
1176 1810 1264 1837 non
1287 1797 1430 1838 solum
1455 1811 1546 1839 rem

137 1867 200 1906 ita
236 1866 497 1918 contingere
535 1878 676 1918 posse,
699 1865 776 1905 sed
819 1865 926 1905 satis
970 1865 1263 1906 communiter
1304 1865 1448 1919 reipsa
1484 1867 1547 1907 ita

135 1932 426 1988 contingere.3

199 2014 295 2056 599.
328 2004 516 2056 Insuper
547 2006 592 2054 7⁰
613 2002 755 2042 notari
787 2002 922 2042 debet
951 2002 1209 2043 Thomistas
1244 2016 1330 2043 non
1364 2003 1545 2057 exigere

136 2078 185 2112 ut
208 2072 343 2112 homo
365 2072 422 2112 de
443 2071 529 2111 fine
551 2071 739 2111 honesto
762 2070 929 2123 cogitet
951 2071 994 2111 in
1016 2070 1200 2124 singulis
1222 2072 1406 2121 actibus,
1430 2073 1545 2113 adeo

137 2147 185 2181 ut
207 2147 331 2181 actus
354 2139 446 2180 fieri
478 2139 671 2180 debeant
703 2153 760 2179 ex
790 2138 956 2179 actuali
982 2137 1237 2191 hujusmodi
1271 2139 1369 2180 finis
1400 2140 1544 2181 inten-

133 2210 268 2250 tione.
363 2208 602 2250 Virtualem
658 2207 777 2247 enim
834 2208 1125 2248 intentionem
1182 2214 1430 2261 agnoscunt
1485 2210 1541 2250 ad

135 2284 373 2332 praecepto
397 2276 757 2318 satisfaciendum
781 2276 989 2317 sufficere.

174 2403 185 2423 ¹
201 2403 280 2434 Vid.
300 2404 434 2438 Suarez,
460 2403 516 2434 Tr.
533 2402 570 2433 cle
585 2402 740 2432 Bonz'tate
753 2407 783 2432 el
799 2401 936 2432 Malitia
949 2403 1020 2432 Act.
1034 2402 1290 2442 Humanarum,
1314 2403 1411 2444 Disp.
1422 2411 1453 2442 9.
1470 2413 1536 2435 see.
1558 2420 1559 2423 =

133 2455 354 2528 ill-:trgilllgz-Ht'
379 2491 436 2520 Tr.
454 2490 491 2520 de
516 2490 588 2520 Act.
619 2488 803 2523 Humanis,
831 2487 922 2518 Diss.
951 2497 983 2526 4.
1011 2494 1071 2520 art.
1101 2489 1133 2520 6.
1181 2489 1248 2520 Vid
1277 2489 1378 2520 etiam
1410 2490 1532 2529 Gonet,

143 2535 200 2565 Tr.
218 2534 255 2564 de
269 2534 462 2565 Moralz'tate
478 2535 551 2564 Act.
569 2532 819 2567 Humanarum,
839 2531 929 2562 Diss.
950 2539 980 2572 5.
1000 2539 1058 2563 art.
1080 2532 1102 2563 i.
1122 2543 1155 2563 n.
1175 2540 1228 2573 35.

176 2578 189 2597 ³
205 2577 284 2608 Vid.
303 2578 455 2618 Arriaga,
482 2577 538 2607 Tr.
558 2576 594 2606 de
608 2577 680 2606 Act.
701 2576 885 2611 Humanis,
907 2575 1001 2616 Disp.
1019 2584 1072 2606 21.
1092 2583 1171 2607 sect.
1190 2577 1231 2607 iv.
1254 2587 1286 2606 n.
1307 2576 1359 2617 56.
