1716 2729
148 89 188 115 n.
213 75 271 128 7.]
573 74 624 114 de
643 74 823 114 Actibus
846 73 1083 115 Humanis,
1495 86 1547 127 33

147 190 348 242 producit
362 189 544 238 influxu,
558 194 606 228 ut
622 190 756 237 aiunt,
768 187 882 236 reali,
900 201 976 227 seu
991 189 1052 228 ita
1068 194 1116 228 ut
1131 201 1217 227 non
1233 195 1436 241 operetur
1452 196 1549 229 tan-

146 264 241 298 turn
260 258 477 298 movendo
494 257 624 297 aliam
640 269 817 296 causam
833 269 945 308 quae
963 263 1120 308 sponte
1137 263 1212 296 aut
1229 256 1362 296 libere
1378 257 1552 310 agendo

147 326 352 366 effectum
371 324 572 378 producit
590 337 599 372 ;
621 323 681 362 sic
698 336 782 375 mg.
800 323 912 375 ignis
929 322 1096 375 lignum
1116 323 1287 362 aridum
1306 324 1545 364 comburit:

147 395 222 447 qui
255 393 412 433 modus
443 391 604 444 agendi
636 391 736 431 ideo
772 390 969 443 physicus
1009 390 1178 439 dicitur,
1211 391 1324 443 quia,
1348 393 1389 431 in
1422 392 1549 432 rebus

149 461 433 502 naturalibus.
457 460 668 512 quamdiu
688 459 889 512 physicae
923 460 1028 512 leges
1064 466 1302 510 servantur,
1334 467 1550 513 repugnat

148 529 403 582 hujusmodi
426 542 617 577 causam,
639 529 674 568 si
706 528 762 567 sit
784 528 864 567 rite
896 528 952 567 ad
976 541 1086 580 opus
1109 528 1323 581 apposita,
1346 528 1549 568 effectum

148 611 234 638 non
254 594 526 650 producere.1
566 596 790 637 Posterior
809 602 874 636 est
896 610 946 636 ea
961 609 1073 648 quae
1102 602 1308 649 operatur
1331 597 1552 636 movendo

147 665 280 705 aliam
313 678 490 705 causam
533 678 646 718 quae
690 664 824 704 libere
866 669 942 703 aut
983 663 1140 703 saltem
1183 669 1342 716 sponte
1377 665 1552 716 agendo

146 732 351 773 effectum
368 733 588 786 producit:
612 733 673 772 sic
695 746 776 785 vg.
799 732 1007 785 superior,
1028 732 1194 783 aliquid
1217 732 1406 772 subditis
1428 746 1548 785 prac-

145 802 323 856 cipiem,
341 800 520 842 moralis
534 809 599 841 est
612 815 744 841 causa
766 813 916 840 eorum
939 813 1051 853 quae
1067 800 1177 839 fiunt
1192 801 1250 840 ob
1267 807 1550 853 praeceptum

145 869 207 911 sic
229 870 497 923 impositum.
554 869 699 910 Causa
720 869 852 921 igitur
873 869 1050 908 moralis
1070 881 1243 920 semper
1264 868 1450 908 mediata
1473 875 1551 908 est.

202 941 249 989 4⁰
276 939 489 978 Proxima
509 938 578 978 vel
596 945 764 979 remota.
826 937 963 977 Prior
982 943 1048 977 est
1071 951 1122 977 ea
1142 950 1256 989 quae
1280 937 1323 976 in
1346 937 1550 977 effectum

145 1007 287 1048 influit
301 1007 368 1047 vel
382 1007 638 1048 immediate
652 1007 719 1047 vel
733 1007 890 1047 saltem
905 1007 965 1046 ita
980 1012 1027 1046 ut
1044 1019 1141 1046 eam
1159 1006 1272 1045 inter
1289 1011 1331 1046 et
1346 1007 1548 1046 effectum

146 1075 439 1116 interveniant
473 1088 631 1115 causae
666 1075 839 1115 mediae
873 1080 1048 1114 tantum
1086 1087 1265 1127 paucae.
1327 1073 1552 1114 Posterior

147 1149 214 1184 est
235 1157 288 1184 ea
309 1156 422 1195 quae
444 1143 487 1182 in
510 1143 716 1183 effectum
740 1156 827 1182 non
851 1142 995 1183 influit
1017 1142 1099 1181 nisi
1116 1141 1313 1194 pluribus
1328 1141 1547 1194 ejusmodi

146 1211 289 1250 causis
311 1210 590 1262 interpositis.
653 1211 826 1251 Eodem
849 1224 978 1251 sensu
1011 1224 1142 1251 causa
1167 1210 1325 1250 dicitur
1354 1211 1557 1250 remotior

146 1283 222 1318 aut
232 1277 526 1330 propinquior,
550 1292 638 1330 quo
660 1278 807 1331 plures
830 1285 905 1319 aut
928 1279 1155 1330 pauciores
1177 1277 1289 1317 aliae
1310 1292 1469 1318 causae
1491 1278 1550 1318 sic

147 1346 454 1386 interveniunt.
538 1346 611 1387 Sic
654 1360 733 1399 v.g.
770 1347 826 1386 ad
873 1347 1132 1386 ebrietatem
1189 1352 1464 1394 concurrunt,
1505 1352 1551 1385 at

150 1414 441 1454 remotissime
462 1419 648 1460 tantum.
674 1415 700 1453 ii
733 1415 806 1466 qui
839 1413 1108 1453 frumentum
1141 1420 1338 1462 exarant,
1354 1403 1551 1453 'vitemve

148 1481 312 1530 colunt:
353 1497 411 1523 ex
453 1483 612 1535 quibus
654 1483 796 1535 liquor
847 1482 1067 1522 inebrians
1109 1481 1363 1531 conficitur;
1406 1481 1550 1521 minus

146 1556 314 1590 remote
347 1556 609 1591 concurrunt
646 1550 673 1589 ii
716 1554 791 1602 qui
825 1563 883 1589 ex
916 1550 1008 1589 uvis
1041 1555 1115 1589 aut
1149 1549 1369 1589 frumento
1399 1548 1550 1588 vinum

145 1617 336 1656 aliumve
373 1617 628 1670 hujusmodi
664 1616 880 1668 liquorem
922 1617 1205 1669 exprimunt;
1239 1616 1431 1670 propius,
1468 1615 1550 1656 etsi

145 1683 291 1724 adhuc
307 1691 487 1733 remote,
506 1686 534 1724 ii
557 1685 631 1737 qui
654 1684 869 1737 liquorem
884 1684 945 1723 sic
964 1683 1214 1724 confectum
1233 1683 1550 1724 mercatoribus

146 1752 344 1792 vendunt
360 1766 370 1802 ;
386 1752 577 1805 propiuS,
592 1758 809 1792 mercator
824 1751 1058 1792 vendendo
1082 1752 1353 1804 cauponibus
1376 1765 1384 1799 ;
1406 1750 1550 1791 adhuc

145 1819 360 1871 propriuS,
393 1833 534 1872 caupo
568 1819 611 1859 in
653 1833 854 1872 caupona
895 1819 1155 1869 vendend03
1187 1819 1413 1871 proximae
1447 1831 1551 1859 vero

146 1885 372 1926 ebrietatis
425 1900 583 1928 causae
624 1893 859 1927 censentur
900 1893 994 1926 tum
1036 1886 1110 1927 ille
1150 1887 1225 1939 qui
1266 1886 1462 1926 bibendo
1503 1899 1549 1925 se

146 1953 346 2004 inebriat,
379 1960 475 1995 tum
517 1955 667 1995 vinum
709 1969 798 2008 quo
838 1955 899 1994 sic
940 1954 1134 1995 bibendo
1175 1955 1382 2003 abutitur,
1416 1960 1550 2006 atque

143 2021 172 2061 ii
217 2022 366 2070 etiam,
399 2023 434 2062 si
476 2023 550 2076 qui
588 2023 687 2072 sint,
709 2023 783 2075 qui
818 2036 919 2062 eum
962 2023 1018 2063 ad
1056 2023 1298 2063 bibendum
1333 2023 1549 2063 inducunt

146 2090 388 2140 suadendo,
411 2090 644 2140 irridendo,
675 2096 768 2139 etc.,
798 2095 879 2129 etc.
962 2090 1032 2131 Ita
1062 2091 1241 2143 quidem
1274 2090 1548 2130 communior

145 2156 239 2197 TT.
255 2156 463 2210 loquendi
487 2158 655 2198 modus.
721 2157 819 2197 Has
840 2164 987 2197 tamen
1012 2172 1141 2198 voces
1155 2158 1281 2198 aliter
1297 2158 1548 2210 intelligunt

150 2225 331 2277 quidam
363 2225 475 2275 TT.,
509 2226 570 2266 sic
610 2239 694 2278 v.g.
728 2225 851 2278 Gury
871 2223 1102 2267 :²—Causa
1143 2227 1303 2267 dicitur
1331 2226 1548 2278 proxima,

149 2305 262 2344 quae
307 2291 443 2333 habet
488 2294 813 2334 connexionem
855 2295 1146 2334 necessariam
1177 2294 1246 2334 vel
1278 2293 1543 2334 ordinariam

147 2374 247 2401 cum
270 2360 454 2403 effectu:
485 2368 644 2402 remota
664 2376 779 2412 ver0,
801 2376 913 2415 quae
944 2363 1046 2403 licet
1077 2362 1281 2402 effectum
1304 2361 1545 2414 producere

187 2497 297 2571 :¹gi1cit
315 2498 554 2580 iGc1>¹rm⁷azgoTn
572 2499 610 2530 de
623 2501 700 2531 Act.
718 2500 900 2538 Humanis,
922 2500 1018 2541 Disp.
1040 2506 1071 2541 5.
1095 2503 1174 2531 sect.
1190 2499 1210 2530 i.
1232 2508 1265 2528 n.
1289 2496 1359 2537 158.

331 2564 337 2571 .
380 2565 387 2571 .
429 2563 436 2578 ‚
499 2564 506 2571 .
