1716 2729
141 97 180 124 n.
204 83 263 137 9.]
582 84 634 125 de
653 84 836 125 Actibus
855 85 1091 126 Humanzs.
1489 88 1541 138 65

141 212 238 238 sese
272 198 468 239 dedant:
499 199 602 251 quia
628 199 722 250 jam
755 199 910 239 dzrecte
938 201 1241 240 occiderentur
1273 201 1546 252 innocentes,

141 266 244 307 licet
267 280 416 307 eorum
439 267 600 307 occisio
622 267 676 306 ad
700 267 835 307 alium
859 267 990 307 finem
1014 268 1301 310 ordinaretur.

207 345 299 385 171.
331 338 354 356 ‘⁴
375 334 631 386 Requiritur
662 348 781 387 ergo,
817 341 865 375 ut
904 335 1020 375 licite
1053 335 1141 384 fiat,
1173 337 1292 388 quod
1325 350 1465 389 neque
1496 344 1545 377 ut

146 402 256 451 finis,
291 415 434 454 neque
470 407 518 441 ut
556 402 764 450 medium,
797 402 935 455 eligas
963 409 1040 443 aut
1070 402 1177 442 velis
1209 403 1373 443 directe
1409 404 1543 443 talem

142 470 420 518 occisionem,
452 471 527 508 secl
567 469 710 510 solum
754 470 978 518 indirecte,
1009 469 1201 509 volendo
1234 484 1424 519 causam,
1456 484 1543 511 non

143 543 323 590 propter
344 537 703 590 conjunctionem
727 552 861 590 quam
885 538 1020 579 habet
1042 553 1140 582 cum
1172 539 1250 579 tali
1274 539 1445 587 effectu,
1467 540 1542 579 sed

140 618 239 645 cum
274 605 373 654 alio,
410 619 569 658 nempe
607 620 706 645 cum
744 607 963 647 occisione
1005 607 1206 647 nocentis
1252 620 1384 660 quem
1420 607 1547 647 aliter

139 671 365 712 offendere
387 686 474 729 non
497 679 624 726 potes
645 687 653 713 :
686 679 791 714 tunc
815 674 930 713 enim
954 674 1020 714 Vis
1042 675 1262 714 actionem
1291 680 1422 727 prout
1442 688 1543 714 con-

136 738 293 791 juncta
324 746 391 780 est
422 753 522 780 cum
556 742 642 781 alio
675 740 833 782 effectu
867 741 986 782 licite
1017 741 1199 792 volibili,
1225 742 1280 782 ad
1315 743 1434 795 quod
1468 756 1545 795 per

141 807 345 847 accidens
377 813 444 848 est
475 809 594 860 quod
627 822 832 848 connexa
863 809 920 848 sit
952 810 1085 849 etiam
1119 823 1220 850 cum
1253 810 1340 850 alio
1372 809 1544 857 effectu,

140 888 272 927 quem
297 875 413 916 licite
433 876 544 916 velle
566 891 651 916 non
677 876 840 929 potes.''

206 952 303 993 172.-
331 941 481 996 Quum
529 958 632 984 vero
675 958 732 984 ex
784 944 999 984 hactenus
1051 946 1180 986 dictis
1222 947 1329 987 satis
1370 952 1543 986 constet

141 1010 318 1063 ingenio
341 1012 459 1052 haud
483 1026 638 1065 parum
662 1019 791 1053 acuto
815 1026 927 1065 opus
949 1026 1056 1061 esse,
1078 1020 1126 1054 ut
1149 1027 1302 1054 omnes
1325 1013 1542 1067 ejusmodi

139 1079 214 1131 qui
234 1079 334 1119 oriri
357 1080 528 1132 possint
550 1094 675 1122 casus
699 1080 759 1119 sic
782 1079 1067 1129 resolvantur,
1084 1095 1244 1134 operae
1265 1082 1455 1134 pretium
1477 1088 1543 1121 est

140 1147 406 1199 investigare
428 1161 483 1187 an
506 1149 658 1201 regula
680 1148 828 1201 aliqua
853 1149 1068 1201 generalis
1086 1150 1268 1189 inveniri
1292 1151 1442 1203 possit,
1455 1164 1542 1202 qua

142 1213 342 1254 adhibita
364 1216 460 1267 quis
484 1215 653 1256 facilius
674 1217 934 1269 dignoscere
953 1216 1100 1257 valeat
1122 1224 1269 1257 utrum
1293 1218 1336 1257 in
1360 1218 1542 1270 singulis

139 1281 313 1321 casibus
336 1281 465 1322 liceat
486 1289 634 1322 actum
657 1283 864 1335 perficere
897 1298 954 1324 ex
988 1298 1076 1337 quo
1098 1291 1309 1337 sequatur
1340 1299 1457 1325 mors
1478 1286 1541 1325 in-

140 1349 338 1388 nocentis
361 1355 437 1388 aut
458 1349 569 1389 alius
591 1351 809 1402 ejusmodi
842 1352 1024 1392 effectus
1048 1365 1180 1404 quem
1213 1353 1378 1393 directe
1400 1354 1541 1393 inten-

141 1414 245 1453 dere
267 1428 354 1454 non
377 1416 518 1457 liceat.

202 1492 294 1533 173.
327 1482 472 1535 Quod,
508 1485 552 1524 ni
586 1485 724 1529 fallor,
758 1487 865 1527 satis
899 1487 1025 1527 facile
1059 1487 1291 1540 dijudicari
1325 1494 1473 1540 potest
1503 1489 1538 1528 si

138 1548 249 1590 haec
299 1551 450 1604 regula
499 1553 763 1593 adhibeatur
783 1554 1099 1595 z—Censeatur
1148 1561 1310 1601 actum,
1354 1557 1410 1595 de
1451 1569 1541 1607 quo

137 1624 306 1669 agatur,
337 1618 499 1670 perfici,
530 1626 573 1660 et
604 1626 754 1660 tamen
786 1635 864 1674 per
896 1623 1154 1662 miraculum
1188 1623 1389 1675 impediri
1431 1634 1535 1675 quo-

137 1685 281 1725 r'ninus
304 1685 446 1727 malus
472 1686 652 1727 effectus
675 1689 860 1737 eveniat,
879 1690 1041 1730 deinde
1059 1689 1121 1742 (a)
1139 1691 1173 1730 si
1195 1691 1337 1732 bonus
1355 1689 1538 1730 effectus

128 1752 421 1793 'nihilominus
442 1755 629 1795 obtineri
653 1762 813 1808 potest,
834 1763 1010 1798 constat
1032 1758 1198 1798 malurn
1222 1758 1426 1799 effectum
1450 1771 1536 1797 non

136 1831 228 1859 esse
260 1821 455 1861 medium
486 1821 601 1862 illius
630 1825 942 1876 consequendi,
976 1830 1019 1865 et
1050 1825 1163 1874 ideo,
1185 1827 1304 1878 quod
1336 1825 1393 1865 ad
1423 1826 1536 1865 hanc

135 1887 436 1928 conditionem
467 1890 638 1939 attinet,
671 1891 800 1931 licere
832 1906 1011 1933 causam
1044 1907 1234 1945 ponere:
1266 1893 1301 1933 si
1332 1906 1436 1933 vero
1459 1892 1535 1945 (b),

136 1955 367 1996 deficiente
385 1956 503 1996 malo
525 1956 696 2007 effectu,
709 1957 891 1999 effectus
908 1959 1048 2000 bonus
1071 1974 1158 2001 non
1175 1967 1322 2014 potest
1337 1961 1536 2010 obtineri,

136 2029 311 2064 constat
332 2037 356 2063 e
377 2025 596 2065 contrario
628 2025 793 2066 malum
827 2027 1034 2068 effectum
1066 2042 1160 2068 esse
1192 2029 1386 2069 medium
1418 2028 1534 2068 illius

137 2093 449 2143 consequendi,
471 2098 515 2133 et
535 2092 637 2133 ideo
658 2107 838 2134 causam
861 2107 1025 2148 ponere
1047 2109 1135 2136 non
1158 2096 1297 2138 licere.

200 2167 292 2208 174.
327 2158 399 2199 Sic
420 2173 500 2212 V.g.
523 2160 567 2200 in
590 2162 808 2214 exemplis
829 2162 1042 2203 hactenus
1070 2165 1257 2213 traditis,
1279 2164 1361 2205 hac
1383 2162 1534 2216 regula

133 2225 347 2274 adhibita,
371 2228 521 2267 statim
543 2229 804 2282 perspicitur
823 2229 1026 2270 illicitum
1044 2245 1139 2273 esse
1156 2246 1334 2272 causam
1357 2244 1532 2284 ponere,

135 2294 178 2332 in
196 2292 370 2334 casibus
388 2307 459 2335 nn.
481 2296 570 2346 165,
595 2306 674 2347 170
689 2298 924 2347 recensitis,
940 2303 1074 2351 atque
1091 2313 1114 2339 e
1128 2300 1346 2340 contrario
1363 2299 1529 2339 licitum

133 2374 242 2408 esse,
264 2361 383 2413 quod
408 2362 463 2401 ad
486 2361 598 2403 hanc
620 2365 920 2405 conditionem
952 2367 1126 2416 attinet,
1151 2381 1328 2408 causam
1350 2380 1527 2421 ponere,

132 2428 177 2467 in
200 2428 374 2467 casibus
395 2430 621 2470 recensitis
643 2444 715 2471 nn.
744 2431 837 2482 164,
865 2433 955 2484 167,
983 2435 1074 2484 168,
1102 2437 1190 2486 169.

200 2504 291 2546 175.
327 2495 588 2550 Eademque
629 2498 827 2540 adhibita
869 2501 1028 2554 regula,
1070 2502 1189 2543 haud
1232 2500 1407 2543 difficile
1448 2502 1529 2542 erit

1384 2568 1412 2599 F
