1716 2729
150 54 188 81 n.
219 39 270 93 1.]
583 40 634 81 dc
653 40 834 80 Actibus
853 39 1089 81 Humanis.
1516 55 1539 95 3

207 156 245 196 8.
280 155 352 195 Ex
376 168 427 195 eo
458 160 606 196 tamen
630 156 749 208 quod
781 154 985 194 voluntas
1018 155 1172 208 nequit
1203 155 1302 196 ferri
1325 157 1368 196 in
1391 158 1538 210 incog-

148 224 303 273 nitum,
328 229 372 264 et
393 223 494 264 ideo
515 236 602 263 non
634 223 752 263 valet
774 236 903 275 agere
935 223 1077 263 donec
1099 226 1383 276 praecesserit
1414 232 1538 266 actus

148 292 392 332 intellectus
425 305 512 344 quo
549 289 773 343 objectum
806 297 1018 343 tanquam
1056 291 1220 332 bonum
1262 294 1536 343 exhibeatur,

148 360 327 400 minime
357 359 553 411 sequitur
583 372 680 398 eam
711 358 964 410 hujusmodi
996 364 1097 398 actu
1130 359 1335 411 compelli
1367 363 1421 400 ad
1446 376 1536 401 am-

146 428 427 481 plectendum
450 427 615 467 bonum
637 428 697 467 sic
719 428 1003 480 propositum.

201 507 240 548 9.
269 495 487 536 Voluntas
536 495 652 534 enim
704 495 927 547 objectum
978 496 1259 549 amplectitur
1299 498 1539 549 aliquando

144 563 279 612 libere,
302 562 540 615 aliquando
571 563 813 603 necessario.
895 562 1058 612 Libere,
1082 564 1254 616 quoties
1287 565 1536 606 intellectus

143 630 365 683 objectum
405 631 465 670 sic
501 630 694 679 exhibet,
716 637 764 670 ut
798 630 945 684 aliqua
980 632 1090 672 ratio
1127 632 1231 672 rnali
1270 633 1400 673 simul
1436 648 1534 674 cum

143 699 311 740 ratione
333 699 436 739 boni
453 699 597 738 eidem
620 699 762 738 inesse
779 698 1160 752 deprehendatur:
1192 700 1252 740 sic
1274 714 1353 753 vg.
1369 701 1534 742 bonum

143 767 320 820 aliquod
355 767 528 807 finitum
562 766 645 806 sub
680 766 761 806 hac
797 766 953 807 saltem
977 768 1146 808 ratione
1177 768 1365 820 judicari
1388 776 1535 822 potest

142 835 320 885 malum,
357 841 572 888 quatenus
611 848 757 874 secum
795 835 918 875 affert
955 835 1245 888 privationem
1283 836 1392 877 alius
1431 838 1533 878 boni

141 904 260 957 quod
283 909 411 943 extra
442 902 548 942 illud
580 902 799 943 invenitur
819 916 962 956 neque
993 903 1122 944 simul
1155 918 1255 945 cum
1287 918 1340 945 eo
1371 907 1535 958 acquiri

141 985 191 1012 ac
227 971 439 1024 possideri
471 976 649 1023 potest:
680 977 814 1024 atque
845 970 964 1011 haud
988 985 1084 1012 raro
1117 985 1167 1012 ea
1197 986 1310 1025 quae
1332 975 1533 1014 sensibus

140 1039 403 1081 conveniunt
455 1039 612 1079 rationi
654 1040 953 1088 adversantur,
995 1053 1044 1079 ac
1087 1040 1181 1080 vice
1222 1054 1360 1081 versa.
1430 1042 1529 1082 Vid.

140 1121 284 1160 supra,
304 1121 347 1148 n.
373 1115 408 1158 5.

203 1186 262 1216 10.
292 1175 510 1215 Voluntas
551 1175 780 1215 necessario
820 1175 911 1227 agit
953 1177 1124 1228 quoties
1166 1177 1413 1218 intellectus
1455 1179 1530 1219 ob-

135 1244 301 1296 jectum
325 1243 530 1295 proponit
551 1248 763 1294 tanquam
786 1243 906 1282 omni
929 1244 1010 1283 sub
1034 1245 1201 1284 ratione
1223 1245 1402 1295 bonum,
1419 1248 1530 1287 adeo

140 1318 187 1351 ut
218 1312 260 1350 in
294 1310 367 1350 illo
399 1310 564 1350 nullam
598 1311 778 1350 omnino
820 1311 1125 1363 apprehendat
1166 1313 1380 1353 rationem
1415 1315 1529 1363 mali,

108 1366 111 1367 ⁷
139 1393 280 1432 neque
311 1379 448 1418 ullum
483 1378 591 1418 alius
625 1378 727 1417 boni
760 1379 1010 1419 defectum:
1042 1379 1124 1419 hoc
1157 1382 1291 1421 modo
1324 1382 1447 1422 Beati
1486 1384 1529 1423 in

137 1447 268 1488 coelis
283 1446 528 1487 necessario
552 1447 696 1486 Deum
721 1453 882 1494 amant,
901 1451 925 1468 ⁶·
940 1447 1043 1499 quia
1066 1461 1198 1502 quum
1222 1449 1381 1496 Deum,
1399 1457 1529 1502 prout

138 1516 180 1555 in
218 1529 264 1555 se
300 1521 378 1563 est,
400 1514 515 1554 clare
551 1514 742 1563 videant,
767 1520 810 1554 et
851 1514 893 1554 in
937 1515 1033 1567 ipso
1073 1529 1204 1556 omne
1240 1517 1418 1567 bonum,
1441 1533 1527 1559 non

136 1588 319 1637 possunt
355 1588 483 1622 extra
518 1582 662 1635 ipsum
705 1582 897 1621 invenire
938 1582 1130 1636 aliquam
1169 1584 1382 1625 rationem
1425 1586 1528 1626 boni

136 1665 215 1691 nec
236 1651 279 1690 in
302 1656 403 1690 actu
424 1651 585 1690 amoris
606 1650 798 1703 aliquam
821 1650 1035 1691 rationem
1059 1652 1174 1700 mali,
1195 1660 1375 1705 propter
1395 1668 1527 1707 quam

137 1725 353 1759 cessarent
375 1718 431 1758 ab
462 1732 609 1758 amore
643 1717 739 1767 Dei,
761 1732 810 1759 ac
843 1719 1026 1771 proinde
1057 1733 1144 1759 non
1178 1727 1362 1772 possunt
1384 1723 1527 1774 ipsum

136 1801 222 1828 non
242 1784 441 1828 amare.''³

197 1868 257 1897 ΙΙ.
293 1856 447 1909 Neque
489 1862 638 1896 tamen
681 1856 951 1895 censendum
994 1862 1060 1895 est
1101 1858 1395 1898 necessarium
1434 1873 1528 1900 esse

136 1923 372 1964 voluntatis
394 1930 542 1964 actum
574 1936 662 1976 quo
695 1923 842 1963 Deum
873 1923 1064 1976 diligunt
1096 1925 1297 1966 homines
1327 1927 1526 1968 viatores.

137 1991 314 2031 Etenim
336 1991 571 2044 “quamvis
595 1991 742 2030 Deum
764 1991 1135 2044 apprehendimus
1157 1999 1368 2045 tanquam
1398 2008 1528 2035 omne

135 2059 312 2109 bonum,
334 2055 403 2100 ita'
432 2065 479 2099 ut
514 2059 559 2099 2'72
594 2059 682 2111 ipso
716 2059 823 2098 nihil
860 2059 963 2099 mali
1001 2066 1078 2101 aut
1110 2061 1308 2102 defectus
1345 2063 1527 2103 inveniri

135 2127 285 2179 possit,
307 2128 351 2167 in
392 2127 584 2168 exercitio
625 2133 765 2167 tamen
806 2134 926 2167 actus
965 2129 1128 2168 amoris
1167 2130 1255 2169 Dez'
1293 2143 1528 2182 possumus

135 2195 461 2248 apprehendere
475 2196 689 2236 rationem
708 2195 909 2244 difficilis,
922 2202 996 2236 aut
1015 2197 1320 2249 impedimenti
1343 2198 1526 2238 aliorum

135 2269 327 2312 actuum,
349 2277 399 2303 ac
441 2271 672 2316 propterea
713 2265 769 2304 ab
811 2264 895 2304 isto
937 2265 1150 2305 exercitio
1192 2266 1365 2314 retrahi,
1388 2273 1430 2306 et
1466 2266 1528 2306 sic

136 2338 258 2371 actus
280 2332 439 2372 amoris
463 2333 546 2371 Dei
569 2333 611 2371 in
632 2332 714 2372 hac
736 2332 825 2372 vita
847 2332 990 2372 adhuc
1013 2339 1079 2373 est
1102 2331 1262 2373 liber.''²

266 2473 279 2537 ἑ
294 2473 345 2548 {g-
363 2474 472 2548 ξζὶιὲη,
497 2475 530 2506 T
524 2480 604 2507 ract.
624 2476 659 2508 de
675 2477 810 2508 Actibus
826 2478 1011 2517 Humanis,
1032 2479 1170 2518 Quaest.
1189 2487 1218 2510 2.
1234 2485 1293 2510 art.
1311 2489 1339 2509 v.
1360 2478 1373 2518 ᾧ
1395 2487 1420 2509 1.
