1716 2729
144 104 221 131 nn.
244 101 267 130 2
275 89 420 145 5-30.]
570 90 622 130 de
650 88 836 130 Actibus
870 89 1107 130 Humanis.
1465 102 1545 143 199

145 220 240 247 esse
262 206 333 247 hic
354 206 704 259 distinguendos.
769 204 948 245 Etenim
984 206 1128 258 primo
1161 212 1310 259 potest
1343 205 1545 258 objectum

146 282 272 316 actus
303 289 398 316 esse
434 275 500 328 (a)
533 274 808 327 bonum,‚(b)
843 273 1022 321 malum,
1054 274 1122 314 vel
1168 274 1223 326 (c)
1268 274 1549 324 indifferens;

146 344 308 384 deinde
349 343 440 383 sive
477 343 656 391 bonum,
697 342 789 382 sive
831 340 1011 390 malum,
1060 342 1152 382 sive
1194 341 1445 381 indifferens
1480 347 1546 380 est

146 412 383 465 objectum,
429 416 615 464 possunt
654 409 1004 450 circumstantiae
1038 423 1133 450 esse
1180 409 1245 460 (a)
1286 409 1440 457 bonae,
1485 409 1546 463 (b)

148 481 303 529 malae,
325 487 401 520 aut
423 479 476 531 (c)
503 478 804 519 indifferentes
825 493 832 528 ;
856 479 1005 531 itaque
1028 492 1086 518 ex
1111 478 1362 518 moralitate
1384 477 1547 530 objecti

147 556 192 589 et
241 548 672 589 circumstantiarum
725 547 1062 600 distinguuntur
1094 560 1221 586 casus
1267 560 1455 596 novem;
1491 560 1549 586 ex

146 617 306 670 quibus
348 616 506 657 ultimo
541 622 814 669 consurgunt
850 615 1009 668 viginti
1040 621 1085 656 'et
1114 622 1298 668 septem,
1335 629 1471 668 quum
1505 615 1548 655 in

146 686 330 738 singulis
350 686 413 735 (ut
434 686 504 725 hic
521 685 831 725 abstrahamus
849 699 875 725 a
896 685 1193 725 controversia
1215 684 1547 724 Thomistarum

146 761 191 795 et
225 755 517 795 Scotistarum
562 753 673 794 infra
711 754 1006 804 discutienda)
1040 753 1182 806 possit
1217 754 1277 805 (a)
1312 753 1467 802 bonus,
1489 752 1549 806 (b)

147 823 302 870 malus,
324 822 394 863 vel
417 822 471 875 (c)
496 823 750 863 indifferens
782 822 1015 876 essefiniS.

206 890 298 942 568.
334 890 454 932 Satis
484 898 634 931 tamen
669 890 797 931 facile
834 896 1023 943 possunt
1057 890 1100 930 hi
1143 903 1299 930 omnes
1336 903 1463 930 casus
1494 903 1554 930 ex

145 965 277 999 antea
298 959 426 999 dictis
448 959 621 1000 resolvi.

207 1029 302 1082 569.
337 1029 397 1069 Et
419 1029 562 1083 primo
594 1029 853 1082 inspiciatur
873 1028 1102 1081 objectum:
1136 1029 1256 1082 quod
1279 1035 1428 1081 potest
1459 1041 1556 1068 esse

145 1097 215 1137 vel
237 1097 418 1147 malum,
438 1097 508 1137 vel
539 1097 719 1146 bonum,
741 1096 809 1137 vel
832 1096 1099 1138 indifferens.

207 1174 303 1217 570.
339 1164 489 1218 Quum
542 1165 769 1218 objectum
799 1169 837 1205 1⁰
877 1170 945 1205 est
987 1165 1165 1214 malum,
1208 1172 1345 1213 actus,
1380 1165 1556 1205 etiamsi

145 1233 249 1273 boni
301 1233 389 1273 sint
439 1233 538 1274 finis
592 1241 637 1274 et
693 1234 1067 1282 circumstantiae,
1113 1234 1257 1274 malus
1304 1241 1396 1274 est:
1435 1234 1557 1286 quod

146 1301 254 1342 satis
287 1307 464 1342 constat
497 1316 555 1342 ex
588 1308 721 1342 antea
758 1303 889 1342 dictis
924 1316 995 1342 nn.
1023 1312 1226 1353 521-527.
1292 1302 1367 1342 Sic
1402 1302 1557 1342 statim

147 1367 426 1410 resolvuntur
472 1383 599 1410 casus
644 1383 804 1410 novem
852 1384 910 1410 ex
957 1377 1129 1423 septem
1173 1378 1217 1410 et
1258 1371 1414 1423 viginti
1462 1369 1555 1422 jam

149 1438 291 1479 dictis.

209 1515 307 1558 571.
341 1506 492 1559 Quum
517 1510 560 1546 2⁰
582 1506 808 1559 objectum
832 1507 985 1547 bonum
1004 1514 1082 1556 est,
1100 1507 1246 1548 adhuc
1269 1520 1428 1547 novem
1455 1512 1560 1546 sunt

149 1589 275 1615 casus
310 1575 626 1628 distinguendi.
687 1574 773 1615 Vel
810 1576 927 1615 enim
963 1574 1030 1623 (a)
1065 1575 1172 1615 bona
1210 1582 1313 1615 sunt
1349 1574 1436 1614 alia
1470 1575 1560 1615 duo

147 1650 273 1684 actus
306 1643 556 1693 elementa;
589 1643 659 1683 vel
682 1643 744 1697 (b)
778 1649 882 1683 sunt
905 1642 1200 1694 z'ndiffi‘rentia
1218 1659 1236 1691 ‚·
1269 1643 1337 1683 vel
1376 1643 1433 1696 (c)
1457 1651 1561 1684 sunt

146 1712 265 1752 mala
282 1729 302 1761 ‚·
330 1712 399 1753 vel
426 1726 563 1753 unum
596 1726 655 1753 ex
678 1712 729 1752 iis
767 1712 931 1753 malum
954 1719 1032 1757 est.
1065 1712 1253 1752 alterum
1277 1713 1444 1761 bonum,
1466 1713 1558 1753 sive

144 1781 327 1833 quidem
354 1781 422 1833 (d)
448 1780 590 1821 malus
627 1787 695 1822 est
730 1780 844 1831 finis,
878 1782 1238 1821 circumstantiae
1260 1795 1364 1821 vero
1401 1781 1559 1830 bonae,

144 1851 236 1891 sive
258 1852 316 1905 (e)
338 1851 481 1892 bonus
511 1857 578 1892 est
600 1851 711 1899 finis,
734 1851 1097 1892 circumstantiae
1121 1850 1264 1891 malae
1283 1863 1292 1900 ;
1323 1851 1392 1890 vel
1415 1865 1553 1892 unum

144 1932 203 1959 ex
241 1919 290 1958 iis
327 1918 491 1959 malum
514 1925 594 1967 est,
631 1919 819 1959 alterum
855 1919 1114 1971 mdzfferens,
1137 1919 1228 1959 sive
1264 1920 1444 1972 quidem
1484 1921 1557 1972 (f)

144 1987 287 2028 malus
310 1993 376 2028 est
399 1987 510 2036 finis,
526 1988 885 2029 circumstantiae
908 1987 1224 2036 indifferentes,
1240 1988 1332 2027 sive
1356 1988 1431 2040 (g)
1452 1987 1552 2028 finis

142 2055 397 2096 indifferens
420 2062 499 2105 est,
523 2056 883 2096 circumstantiae
904 2069 1009 2096 vero
1045 2055 1191 2096 malae
1212 2070 1220 2105 3
1253 2055 1323 2096 vel
1357 2056 1551 2109 denique

142 2137 280 2164 unum
303 2137 361 2164 ex
384 2124 436 2163 iis
458 2123 612 2165 bonum
634 2131 715 2173 est,
736 2124 925 2165 alterum
954 2124 1217 2176 indzffereus,
1241 2125 1332 2164 sive
1356 2123 1419 2176 (le)
1450 2124 1553 2165 finis

141 2192 285 2232 bonus
321 2199 401 2241 est,
433 2193 793 2234 circumstantiae
820 2193 1134 2243 indifferentes,
1161 2193 1252 2233 sive
1276 2192 1331 2245 (i)
1355 2192 1453 2232 finis
1485 2194 1550 2233 in-

141 2260 349 2302 differens
372 2267 451 2310 est,
472 2261 832 2301 circumstantiae
853 2275 965 2317 vero
980 2260 1139 2303 bonae.

202 2339 296 2381 572.
331 2329 490 2382 Itaque
516 2330 578 2383 (a)
610 2331 645 2370 si
668 2330 776 2370 bona
797 2337 901 2371 sunt
935 2330 1022 2370 alia
1044 2330 1132 2371 duo
1155 2336 1280 2370 actus
1313 2330 1548 2377 elementa,

137 2397 487 2438 circumstantiae
518 2404 562 2438 et
583 2398 708 2451 finis,
732 2405 838 2439 tunc
875 2405 1012 2447 actus,
1034 2405 1083 2439 ut
1105 2406 1241 2452 patet,
1265 2406 1331 2438 est
1363 2399 1547 2439 omnino

139 2467 294 2506 bonus.

199 2545 292 2586 573.
329 2533 375 2574 Si
414 2533 474 2587 (b)
513 2534 863 2585 circumstantiae
897 2541 940 2574 et
965 2534 1081 2588 finis
1116 2540 1219 2575 sunt
1243 2534 1547 2586 indcfisss‘krcnles,
