1716 2729
165 90 181 119 1
191 80 245 119 28
754 76 795 116 T
793 83 987 117 metatus
1400 79 1581 133 [GURY,

221 206 319 247 339.
356 195 515 248 Itaque
547 193 751 248 principii
784 193 845 232 sic
895 193 1089 246 expositi
1128 194 1239 234 ratio
1274 200 1353 243 est,
1389 197 1492 248 quia
1530 197 1572 237 id

158 267 279 321 quod
302 265 351 306 fit
374 278 432 305 ex
456 269 577 304 metu
601 263 863 316 plerumque
895 263 1125 316 inspicitur
1156 270 1205 305 ut
1228 265 1407 315 malum,
1429 281 1574 320 neque

157 337 214 377 ab
237 339 398 389 agente
420 332 596 385 eligitur
627 331 710 371 nisi
742 332 799 371 ad
831 330 951 371 aliud
984 331 1152 372 malum
1185 332 1502 387 effugiendum,
1524 341 1575 376 ut

157 410 283 458 patet
329 403 372 442 in
418 400 639 454 exemplis
687 399 944 440 mercatoris
1005 406 1049 441 et
1107 407 1341 454 apostatae
1396 404 1574 456 saepius

156 486 291 526 supra
342 470 541 512 traditis:
575 482 680 522 ergo
711 467 918 508 voluntas
951 467 1058 508 illud
1091 468 1240 521 aliquo
1279 469 1414 510 modo
1451 485 1575 511 aver-

156 547 309 591 satur;
342 540 543 592 ideoque,
585 537 730 578 verbis
783 550 913 577 sensu
958 536 1052 590 jam
1095 538 1303 591 exposito
1349 538 1575 590 adhibitis,

156 609 398 650 dicendum
442 613 507 647 est
550 620 600 646 ea
645 619 759 658 quae
788 605 850 646 sic
900 604 1021 654 fiant,
1065 606 1146 646 etsi
1190 606 1442 649 voluntaria
1484 609 1572 649 sint

154 678 420 732 simpliciter,
442 690 538 716 esse
561 682 713 716 tamen
738 674 1037 715 involuntaria
1058 675 1286 715 secundnm
1308 675 1427 729 qnid.

218 759 313 799 340.
351 746 439 786 Hic
482 745 731 785 notandum
775 749 843 784 est
881 743 1151 784 locutionem
1194 758 1306 794 eam,
1348 759 1435 798 qua
1477 745 1574 785 TT.

155 817 199 856 in
223 816 307 857 hoc
354 814 571 868 principio
604 812 881 853 enuntiando
905 812 968 852 uti
1000 812 1155 862 solent,
1178 827 1340 867 nempe
1362 817 1383 834 “
1401 820 1572 855 metum

154 898 338 925 causare
357 882 704 923 involuntarium
736 881 982 921 secundum
1016 881 1160 934 quid,”
1182 896 1271 923 non
1295 896 1389 923 esse
1413 882 1573 923 intelli-

154 954 349 1007 gendam
393 951 519 1005 quasi
552 954 741 990 “metus
777 981 786 990 .
822 982 830 990 .
865 949 909 989 in
943 955 1092 989 actum
1133 950 1376 992 voluntatis
1419 951 1578 1004 ipsam,

153 1028 202 1063 ut
244 1023 306 1062 ita
348 1021 511 1070 dicam,
537 1018 963 1059 z'nvoluntam'etatem
1018 1017 1178 1070 influat
1191 1033 1211 1066 ‚·
1253 1021 1330 1061 sed
1365 1021 1486 1074 quod
1518 1052 1528 1060 .
1563 1051 1573 1061 .

155 1095 333 1131 moveat
385 1089 440 1129 ad
494 1093 644 1128 actum
709 1086 785 1139 qui
836 1118 845 1126 .
891 1118 899 1127 .
952 1087 1247 1128 contrariatur
1298 1089 1573 1129 inclinationi

154 1158 424 1201 voluntatis:
461 1158 580 1197 unde
614 1155 691 1196 illa
724 1154 1088 1195 involuntariam
1124 1156 1264 1208 reipsa
1292 1165 1501 1198 causatur
1518 1157 1580 1198 ab

155 1242 302 1270 amore
335 1226 520 1280 alicnjns
556 1224 658 1265 boni
687 1223 878 1277 oppositi.
957 1223 1031 1265 Sic
1064 1238 1148 1277 mg.
1172 1225 1277 1265 dum
1319 1226 1417 1279 quis
1450 1232 1575 1267 metu.

154 1296 373 1349 naufragii
398 1300 600 1335 movetur
632 1294 688 1333 ad
721 1292 1017 1346 projiciendas
1051 1307 1228 1345 merces,
1252 1296 1335 1336 ista
1357 1297 1578 1349 projectio*

154 1372 221 1406 est
257 1364 555 1405 involuntaria
588 1362 832 1403 secundum
871 1362 990 1415 quid,
1014 1363 1118 1415 quia
1152 1371 1373 1417 repugnat
1395 1366 1572 1407 affectui

155 1448 288 1488 quem
326 1432 562 1486 projiciens
596 1431 731 1472 habet
779 1433 1074 1473 conservandi
1107 1447 1208 1473 suas
1242 1447 1420 1484 merceS‚
1454 1435 1573 1475 unde

155 1502 515 1549 involuntarium,
553 1501 674 1553 quod
718 1501 932 1554 reperitur
963 1501 1006 1541 in
1041 1501 1125 1541 ista
1162 1501 1447 1554 projectione,
1482 1517 1571 1543 non

155 1577 362 1612 causatur
384 1585 409 1611 a
432 1575 567 1618 metu,
589 1570 666 1610 scd
690 1569 745 1610 ab
768 1583 919 1609 amore
943 1570 1165 1610 mercium.
1234 1570 1442 1624 Proprius
1465 1586 1570 1625 ergo

154 1654 309 1681 sensus
334 1637 590 1694 [locutionis
633 1638 811 1692 citatae]
846 1644 913 1678 est
945 1639 1065 1691 quod
1098 1644 1222 1679 actus
1254 1639 1328 1692 qui
1362 1639 1474 1680 fiunt
1510 1655 1569 1681 ex

156 1715 277 1749 metu
316 1709 403 1748 sint
448 1707 733 1747 involuntarii
771 1707 1016 1747 secundum
1065 1707 1184 1760 quid,
1220 1713 1432 1759 qnantum
1474 1717 1568 1762 snp-

145 1783 317 1830 ponnnt
337 1776 381 1816 in
405 1781 555 1828 agente
579 1775 900 1815 inclinationem
928 1775 1193 1816 contrariam
1214 1777 1436 1828 praesenti
1454 1778 1573 1819 actnz'

157 1847 221 1888 ad
236 1860 359 1900 quenz
382 1852 518 1886 metas
539 1845 714 1886 7220vet.''

214 1935 312 1975 341.
347 1923 518 1975 Itaque,
541 1928 589 1962 ut
627 1928 762 1974 patet,
796 1921 889 1962 fieri
922 1924 1071 1975 potest
1108 1927 1156 1962 ut
1191 1928 1316 1963 actus
1351 1937 1408 1963 ex
1446 1930 1572 1965 metu·

153 1991 243 2042 fiat,
284 1991 467 2032 omnino
508 1997 660 2031 tamen
697 1990 753 2030 ab
787 1990 872 2030 ista
908 1989 1296 2030 involuntarietate
1330 1991 1568 2042 immunis;

153 2061 274 2114 quod
296 2073 377 2113 vg.
400 2058 449 2099 fit
471 2072 609 2112 quum
644 2059 741 2112 quis
764 2059 820 2099 ad
853 2058 1110 2099 evitandum
1142 2058 1385 2111 periculum
1419 2059 1567 2100 subito

154 2136 362 2171 exortum
396 2128 502 2168 facit
536 2128 703 2181 aliquid
728 2128 783 2168 de
820 2141 910 2181 quo
932 2126 1114 2180 quidem
1151 2133 1283 2168 antea
1321 2141 1410 2168 non
1447 2129 1565 2182 cogi-

152 2199 291 2247 tabat,
313 2210 457 2250 neque
479 2195 674 2248 alioquin
691 2202 797 2236 tunc
814 2196 1002 2245 fecisset,
1020 2196 1139 2248 quod
1158 2201 1309 2236 tamen
1323 2197 1566 2239 voluntatis

153 2266 428 2307 inclinationi
451 2264 573 2304 nullo
606 2265 741 2304 modo
774 2262 1063 2305 adversatur.2
1124 2264 1399 2319 Exemplum
1423 2272 1490 2307 est
1521 2267 1565 2307 in

154 2351 207 2377 eo
229 2336 304 2389 qui
337 2335 429 2384 iter,
453 2347 538 2386 vg.
562 2347 639 2386 per
674 2333 955 2386 Hispaniam,
978 2347 1112 2374 causa
1145 2334 1280 2374 animi
1317 2334 1564 2392 relaxandi,

282 2477 294 2497 1
311 2477 462 2514 Billuart,
488 2476 545 2507 Tr.
565 2476 603 2506 de
620 2476 757 2506 Actibus
774 2476 956 2513 Humanis,
972 2475 1062 2506 Diss.
1083 2476 1106 2506 i.
1124 2480 1184 2507 art.
1202 2475 1234 2506 6.

281 2522 294 2541 2
310 2520 390 2551 Vid.
409 2520 562 2561 Arriaga,
588 2519 645 2550 Tr.
664 2519 701 2550 de
716 2520 788 2550 Act.
806 2519 990 2557 Humam‘s,
1013 2519 1111 2560 Disp.
1134 2528 1183 2551 11.
1196 2524 1277 2552 sect.
1294 2519 1338 2550 iii.
1358 2530 1391 2550 n.
1412 2527 1460 2560 13.
