1716 2729
131 134 208 160 nn.
231 119 284 160 28
304 132 313 169 ;
347 129 412 169 31,
437 114 521 171 32.]
592 114 644 154 de
664 111 845 153 Actibus
865 110 1104 152 Humanis.
1456 118 1538 159 223

135 242 286 276 tamen
313 234 442 274 licere
473 243 602 271 nemo
636 228 930 271 Scotistarum
964 226 1181 276 affirmat3
1213 224 1416 278 quaestio
1444 230 1542 265 tan-

135 311 231 345 tum
274 308 341 344 est
381 314 437 342 an
472 300 602 339 liceat
642 296 987 337 delectationem
1025 307 1273 347 proponere
1311 298 1359 333 ut
1395 291 1541 341 finem,

135 370 383 413 dummodo
407 367 522 422 finis
557 365 837 407 ulteriorum
858 362 1141 408 anhelatum
1186 367 1231 402 et
1264 361 1458 414 quidem,
1495 366 1544 400 ut

135 437 450 481 animadvertit
472 433 679 481 Laloux‚1
699 433 884 486 “potius
905 430 1261 472 concludendum
1284 435 1400 469 esset
1421 428 1544 469 illum

138 508 270 563 plane
293 504 475 547 consilio
494 503 579 543 Dei
597 516 643 542 se
660 500 936 542 conformare
959 499 1034 552 qui
1056 512 1103 539 se
1124 498 1229 538 sinit
1251 497 1547 538 delectatione

136 575 268 625 allici,
303 572 479 622 moveri,
511 571 586 624 qui
622 569 743 610 illam
781 568 863 609 sibi
892 567 1102 622 proponit
1134 566 1293 607 saltem
1327 572 1376 606 ut
1413 565 1546 606 finem

140 641 433 698 proximum.’'
494 639 591 679 “Et
612 635 752 687 vero,''
775 643 823 677 ut
844 636 963 676 idem
985 636 1137 676 statim
1160 634 1400 687 subjungit,
1423 637 1443 653 “
1460 647 1550 686 quo

139 711 324 754 tendeat
357 707 710 750 adversariorum
752 704 1083 758 argumentatio
1125 703 1206 757 ipsi
1246 702 1438 743 videant.
1501 701 1549 743 Si

139 771 245 822 ‘ideo
268 777 483 820 nonlicet
515 768 683 827 absque
720 773 927 813 ulteriore
960 772 1045 812 fine
1067 770 1352 812 delectationi
1385 770 1551 820 sistere,

142 849 247 903 quia
268 860 345 901 per
364 858 462 886 eam
479 843 690 896 providus
708 842 832 882 Deus
850 840 989 881 voluit
1006 839 1233 880 hominem
1252 838 1308 879 ad
1326 838 1550 892 agendum

143 917 351 963 excitare,
402 925 508 965 ergo
558 909 761 965 peccabit
811 909 886 962 qui
938 908 1100 948 intuitu
1151 907 1288 948 solius
1338 906 1553 947 mercedis

143 991 350 1026 aeternae
391 987 468 1022 aut
508 992 754 1034 poenarum
798 984 919 1018 metu
961 975 1217 1030 operabitur
1275 1006 1285 1015 .
1347 1007 1356 1017 .
1418 981 1551 1028 atque

144 1066 324 1095 causam
356 1051 523 1091 habent
543 1046 802 1101 Janseniani
836 1046 911 1099 qui
946 1045 1185 1099 reprobant
1216 1057 1413 1085 amorem
1445 1057 1553 1097 pure

145 1112 493 1168 mercenarium,2
520 1123 566 1158 et
589 1123 771 1165 metum,
795 1120 844 1156 ut
864 1113 1037 1163 dicitur,
1060 1109 1320 1154 servilem.’'3

203 1193 300 1243 649.
336 1190 521 1239 Insuper
556 1183 617 1240 (b)
657 1182 929 1238 respondent
966 1181 1169 1222 nonnulli
1193 1178 1434 1222 Scotistae4
1454 1193 1554 1233 pro-

146 1258 416 1316 positionem
441 1256 515 1295 δὲ’ΜΠ
551 1252 672 1306 loqui
710 1251 765 1292 de
802 1251 854 1291 iis
888 1249 962 1303 qui
1009 1250 1286 1290 “comedant
1320 1255 1364 1290 et
1399 1248 1556 1289 bibant

413 1353 1546 1366 -ὼᾴψ--Ἥ

192 1410 202 1427 ¹
234 1411 344 1442 Tract.
362 1410 400 1440 de
413 1410 488 1440 Act.
508 1408 693 1439 Humanis.
712 1405 804 1436 Diss.
823 1413 856 1444 9.
875 1408 1007 1445 quaest.
1026 1412 1061 1442 4.

193 1455 207 1475 2
228 1454 307 1486 Vid.
331 1455 410 1484 Con.
435 1451 541 1489 Tricl„
563 1452 650 1482 Sess.
670 1449 727 1487 vi.‚
747 1449 800 1479 De
816 1447 1067 1487 Jnstaeficatz'ane‚
1088 1456 1163 1487 cap.
1186 1454 1236 1477 11.
1255 1451 1287 1477 et
1303 1457 1379 1487 cap.
1399 1454 1452 1486 31.

195 1498 208 1518 3
233 1498 365 1538 “Juxta
381 1497 415 1526 S.
435 1496 615 1531 Thomam,
638 1494 675 1524 In
693 1501 725 1523 2.
744 1500 775 1522 2.
802 1491 942 1531 Quaest.
965 1498 1016 1529 19.
1041 1495 1104 1521 art.
1131 1498 1175 1527 2.‚
1202 1488 1353 1531 [triplex]
1379 1495 1429 1521 est
1451 1499 1556 1531 genus

150 1542 278 1574 timoris
294 1551 360 1582 quo
376 1540 478 1571 homo
494 1537 709 1580 aliquomodo
726 1536 767 1566 ad
787 1535 896 1565 Deum
913 1534 1128 1565 convertitur.

198 1587 221 1602 “
235 1584 364 1615 Primus
423 1605 430 1612 .
480 1606 488 1613 .
538 1605 546 1612 .
611 1580 733 1611 (licitur
769 1579 869 1609 timor
904 1578 1045 1615 servilis,
1086 1577 1222 1618 quando
1260 1587 1382 1618 nempe
1419 1581 1558 1618 propter

146 1634 285 1670 poenam
304 1628 427 1659 vitatur
443 1631 475 1657 et
491 1625 570 1656 odio
586 1624 727 1655 habetur
742 1623 851 1661 culpa.

200 1671 410 1704 “Secundus
458 1693 465 1700 .
516 1692 523 1698 .
571 1668 691 1699 dicitur
708 1664 953 1707 timorsz‘lialz's,
971 1664 1106 1706 quando
1129 1674 1251 1704 nempe
1267 1663 1392 1695 vitatur
1406 1669 1464 1695 aut
1480 1663 1560 1695 odio

153 1716 296 1747 habetur
326 1714 425 1755 culpa
461 1717 600 1754 propter
634 1710 797 1741 rationem
834 1709 996 1749 offensae;
1034 1718 1112 1739 narn
1150 1706 1314 1738 ‘filiorum
1353 1712 1401 1738 est
1441 1708 1558 1739 timere

154 1759 314 1791 offensam
330 1755 455 1798 patris,'
480 1762 517 1787 ut
533 1756 578 1786 ait
596 1755 643 1786 D.
660 1754 808 1784 Thomas
824 1752 888 1783 loc.
906 1752 964 1783 cit.

201 1805 224 1819 ‘⁶
239 1802 372 1833 Tertius
419 1824 426 1831 .
477 1823 484 1830 .
530 1799 652 1830 dicitur
667 1798 767 1828 timor
782 1796 933 1831 initialis,
951 1794 1085 1836 quando
1102 1804 1223 1835 nempe
1240 1793 1313 1835 quis
1329 1793 1413 1825 vitat
1428 1799 1461 1825 et
1478 1793 1557 1826 odio

155 1846 256 1877 habet
275 1849 457 1886 peccatum,
468 1843 597 1884 partim
613 1852 654 1873 ne
670 1841 815 1872 incurrat
831 1840 974 1880 culpam,
984 1839 1113 1880 partim
1130 1848 1172 1869 ne
1188 1838 1333 1868 incurrat
1347 1848 1502 1879 poenam.

205 1891 226 1904 ‘⁶
242 1889 344 1919 Porro
358 1887 456 1918 timor
479 1886 610 1917 servilis
632 1885 741 1916 adhuc
758 1883 980 1914 subdividitur
1005 1882 1039 1913 in
1063 1882 1257 1922 formaliter
1281 1881 1354 1920 [seu
1384 1881 1560 1921 semiliter]

159 1932 297 1968 servilis,
314 1937 346 1962 et
364 1930 577 1962 materialiter
591 1930 664 1968 [seu
679 1925 879 1968 simpliciter]
897 1925 1039 1957 servilis.

205 1975 343 2006 “Prior
387 1997 395 2004 .
445 1997 452 2004 .
500 1978 548 2004 est
572 1983 638 2014 quo
662 1971 735 2013 quis
758 1971 853 2001 timet
875 1980 1019 2010 poenam
1043 1973 1201 2009 tanquam
1226 1967 1350 1999 malum
1367 1967 1561 2009 principale,

157 2019 205 2051 ita
221 2024 257 2050 ut
279 2028 347 2050 non
369 2023 459 2048 amet
479 2016 651 2057 justitiam,
671 2015 728 2045 sed
753 2014 859 2044 solum
883 2013 999 2044 timeat
1022 2021 1183 2053 poenam3
1208 2011 1350 2052 ideoque
1369 2012 1444 2042 talis
1461 2012 1561 2043 timor

158 2062 251 2094 habet
277 2071 443 2092 annexam
473 2060 671 2091 voluntatem
695 2056 854 2099 peccandi
880 2057 1147 2092 condz'tz'onatam,
1182 2055 1209 2086 si
1239 2065 1360 2095 nempe
1386 2065 1454 2086 non
1477 2060 1563 2086 esset

160 2116 282 2147 poena.
329 2104 582 2135 Posteriorvero
630 2125 637 2132 .
689 2125 696 2132 .
743 2107 792 2131 est
823 2110 890 2141 quo
920 2099 994 2140 quis
1024 2098 1071 2130 ita
1100 2098 1194 2129 timet
1225 2108 1367 2139 poenam
1397 2103 1434 2129 ut
1464 2098 1564 2134 simul

160 2149 376 2190 aliquomodo
408 2152 496 2178 amet
520 2146 683 2187 justitiam
710 2147 740 2175 et
772 2144 954 2174 detestetur
984 2142 1129 2183 culpam,
1159 2142 1248 2173 unde
1279 2141 1340 2172 iste
1370 2141 1471 2172 timor
1497 2152 1564 2173 non

161 2193 304 2224 includit
331 2191 531 2223 voluntatem
561 2189 813 2220 conditionalam
842 2186 1003 2226 peccandi,
1034 2186 1091 2217 sed
1122 2185 1166 2216 ab
1197 2196 1236 2216 ea
1266 2185 1479 2226 praescindit,
1506 2191 1564 2216 aut

162 2237 304 2268 eandem
320 2232 503 2266 excludit.'’
549 2232 697 2274 Sttuggl,
729 2230 836 2261 Ts'zeol.
867 2230 1040 2268 Universa,
1068 2229 1160 2260 Part.
1185 2237 1218 2259 2.
1243 2233 1339 2260 tract.
1355 2229 1401 2259 xi.
1426 2229 1513 2270 disp.
1535 2237 1563 2260 1.

161 2285 290 2322 quaest.
308 2289 356 2309 ιιι.
374 2284 438 2309 art.
456 2285 487 2308 2.
505 2287 539 2307 n.
563 2285 588 2307 1.

204 2323 361 2363 Jamvero
386 2321 511 2352 servilis
537 2320 648 2355 timor,
664 2328 773 2360 quem.
790 2315 1094 2348 contradicentibus
1108 2315 1307 2355 Jansenistis
1330 2319 1362 2346 et
1385 2315 1468 2352 aliis,
1482 2315 1565 2348 fides

164 2366 339 2398 Catholica
366 2365 463 2396 docet
489 2373 560 2395 esse
583 2363 709 2394 bonum
734 2367 767 2392 et
791 2360 971 2391 salutarem
999 2359 1080 2397 (vid.
1105 2364 1214 2397 antea,
1244 2369 1278 2389 n.
1306 2366 1395 2398 3423
1419 2365 1452 2390 et
1481 2360 1561 2392 Con.

169 2411 202 2441 T
197 2409 262 2440 rid.
281 2409 371 2441 Sess.
387 2407 454 2438 xiv.
473 2407 527 2438 De
548 2405 763 2441 Poenitentia,
789 2405 875 2442 Cap.
903 2402 963 2444 4.),
983 2408 1033 2434 est
1059 2403 1157 2434 timor
1184 2402 1400 2433 materialiter
1424 2408 1567 2439 tantum,

165 2464 221 2485 seu
257 2452 459 2493 simplz'czter,
491 2449 655 2485 servilem,
685 2458 754 2480 non
784 2447 920 2489 quidem
947 2446 1046 2478 timor
1066 2446 1268 2486 formaliter,
1298 2455 1356 2477 seu
1392 2447 1563 2487 serviliter,

164 2496 303 2534 servilis,
317 2496 386 2537 qui,
403 2500 439 2527 ut
455 2505 496 2526 ex
512 2493 609 2525 dictis
624 2496 727 2534 patet,
743 2491 856 2533 utique
874 2490 1122 2529 peccaminosus
1138 2495 1196 2520 est.

209 2538 223 2557 ⁴
247 2540 303 2571 Sic
331 2549 400 2580 v.g.
426 2539 469 2569 A.
496 2537 604 2577 Mayr.
635 2536 743 2567 Tract.
771 2535 810 2566 de
836 2534 914 2566 Act.
943 2534 1126 2571 Humanis,
1153 2543 1187 2564 n.
1217 2540 1306 2572 2013
1332 2532 1567 2575 Mondschein,

172 2584 281 2616 Tract.
299 2582 336 2615 de
357 2584 430 2614 Act,
446 2580 630 2618 Humanis,
645 2589 679 2611 n.
695 2585 773 2619 474.
