1716 2729
635 90 687 131 de
704 92 744 131 A
752 90 887 132 ctz'bns
907 89 1148 130 Humanis.
1503 91 1557 129 26
1563 97 1582 141 5

183 217 256 239 non
289 206 324 240 in
356 206 542 244 omnibus,
571 205 637 239 sed
668 205 704 239 in
735 205 881 240 duobus
911 211 1057 240 tantum
1087 203 1252 248 peccatis
1283 202 1338 245 (et
1369 202 1520 248 quidem
1539 202 1586 237 de

180 254 291 287 rebus
318 265 414 298 quae
440 254 561 287 solent
587 253 634 286 ab
660 252 875 287 hominibus
900 251 1062 286 maxime
1088 250 1333 295 concupisci),
1351 250 1404 284 sic
1429 249 1586 284 diversis

181 300 391 345 praeceptis
423 299 619 353 prohiberi
658 306 815 344 peccata
862 299 1008 334 interna
1049 305 1085 333 et
1119 306 1283 332 externa
1336 297 1586 331 Confirmatur

180 347 274 381 haec
303 347 486 392 expositio
515 358 559 380 ex
585 358 630 381 eo
662 347 762 391 quod
780 358 881 380 error
911 346 993 386 iste,
1012 345 1182 390 quamvis
1201 345 1347 378 duobus
1376 343 1585 388 praeceptis

182 394 365 439 Decalogi
400 394 453 428 sic
487 394 598 438 plane
639 393 858 436 contrarius,
904 393 1028 438 reipsa
1069 392 1169 437 apud
1210 391 1375 436 Judaeos
1416 397 1585 435 tempore

183 440 319 475 Christi
339 439 799 486 pe1ciebu1t[416-419.]

227 505 277 532 20.
304 499 624 542 Argumentantur
641 509 686 531 ex
703 509 748 532 eo
767 497 894 543 quod
887 509 923 531 in
943 498 1061 532 altera
1079 495 1267 530 sententia
1285 507 1442 540 aeque„
1422 495 1586 530 cri-aviter

179 552 352 589 peccaret
382 552 445 579 aut
476 556 595 590 aeque
623 552 839 586 mereretur,
857 544 1045 597 quivellet
1075 543 1177 577 rnille
1205 542 1378 576 homines
1397 542 1584 585 occidere,

172 599 240 626 aut
274 592 374 626 mille
409 593 507 626 alere
541 603 735 645 pauperes,
771 604 815 626 ac
850 604 880 626 Sl
914 603 1038 636 reipsa
1072 591 1167 624 haec
1208 589 1585 633 face1ffent—Ouibus

177 639 397 683 responderi
432 646 554 684 potest
585 651 663 672 rem
696 640 746 673 ita
777 651 816 674 se
843 639 983 673 habere
1012 638 1041 673 si
1071 637 1192 682 agitur
1217 637 1264 671 de
1282 637 1474 670 voluntate
1500 648 1587 670 vere

174 687 318 729 ffcczcz‚
344 693 457 731 atque
483 686 529 720 cle
557 685 599 720 iis
619 693 765 720 tantum
784 697 879 732 quae
899 688 974 730 per
995 697 1033 719 se
1051 685 1141 719 fiunt
1160 696 1205 719 ex
1222 691 1307 718 actu
1327 690 1479 717 externo
1498 694 1585 728 per-

180 732 363 775 ficiendo3
391 734 514 778 reipsa
533 740 655 767 tamen
684 745 762 768 rem
781 745 931 778 prorsus
957 733 1064 767 aliter
1089 732 1249 775 evenire,
1269 742 1381 776 quum
1403 730 1463 773 (cz)
1490 730 1585 775 ejus-

180 780 282 814 modi
309 781 519 815 voluntates
555 792 630 814 non
658 781 802 815 soleant
829 792 912 815 esse
943 781 1126 821 efficaces,
1146 786 1258 823 atque
1286 778 1343 821 (b)
1370 777 1514 811 malitia
1540 789 1584 812 ac

177 827 327 861 bonitas
345 835 495 861 actuum
510 828 567 861 vel
586 827 931 862 efficacissimorum
950 826 1121 862 soleant
1114 838 1151 860 1n
1169 826 1315 860 actibus
1333 824 1495 859 externis
1516 827 1588 869 per

177 875 344 908 accidens
360 875 493 909 saltem
511 875 650 919 augeri.
681 875 836 919 [φο-Δι’)
842 875 893 919 3]

225 937 273 975 30
300 933 621 977 Argumentantur
639 944 683 966 ex
713 933 941 977 obligatione
973 931 1116 977 peccati
1145 930 1287 966 externi
1318 929 1584 964 confitendi.—

177 979 263 1013 Hoc
290 986 416 1013 tamen
448 987 711 1023 argumentum
741 980 902 1023 diluitur,
931 987 1009 1014 tum
1043 979 1102 1023 (a)
1135 990 1178 1013 ex
1204 989 1250 1012 eo
1276 978 1377 1022 quod
1404 976 1584 1021 obligatio

175 1025 266 1060 satis
285 1037 328 1060 ex
347 1008 554 1061 rationibus
573 1029 789 1061 extm'nsecz's
806 1008 982 1072 explicari
1009 1033 1143 1072 potest,
1163 1033 1240 1060 tum
1268 1024 1325 1069 (b)
1345 1024 1432 1069 quia
1450 1024 1583 1058 saltem

166 1075 242 1118 per
256 1074 421 1107 academ
438 1075 531 1108 solet
558 1074 594 1108 in
620 1081 776 1119 peccato
801 1083 954 1109 externo
972 1085 1056 1108 esse
1074 1077 1317 1118 augmentzmz
1344 1070 1519 1124 malitiae,
1539 1082 1583 1105 ac

174 1120 336 1165 denique
363 1121 416 1164 (c)
446 1121 532 1166 quia
560 1121 799 1166 obligationis
829 1122 923 1156 ratio
955 1121 1142 1155 sufficiens
1173 1119 1360 1154 invenitur
1387 1119 1424 1152 in
1445 1118 1583 1153 Christi

175 1168 380 1208 voluntate,
399 1180 459 1213 qui
492 1169 619 1203 statuit
654 1169 691 1202 id
720 1180 831 1203 omne
860 1168 1116 1203 confitendum
1146 1179 1230 1202 esse
1261 1166 1362 1211 quod
1396 1165 1581 1200 rationem

173 1214 312 1249 habeat
338 1215 494 1260 peccati,
514 1223 551 1250 et
581 1215 732 1268 quidem
760 1216 845 1250 ideo
875 1217 1033 1250 fortasse
1062 1215 1149 1260 quia
1176 1213 1247 1248 nisi
1277 1214 1334 1248 lex
1364 1212 1580 1258 hujusmodi

173 1261 435 1306 imponeretur,
456 1274 530 1296 non
551 1263 640 1297 satis
657 1263 934 1315 prospiceretur
960 1262 1163 1306 integritati
1190 1260 1453 1300 confessionis,
1470 1271 1518 1294 ne
1535 1271 1581 1294 eo

170 1309 323 1361 quidem
353 1311 466 1343 modo
501 1321 574 1355 quo
608 1310 798 1355 exigerent
840 1310 1004 1344 rationes
1046 1309 1168 1354 priore
1210 1315 1245 1343 et
1289 1307 1456 1342 secundo
1498 1307 1581 1341 loco

171 1356 374 1401 expositae.
404 1356 507 1400 [424-
494 1355 608 1402 -429.]

672 1462 1002 1501 ARTICULUS
1034 1462 1092 1499 ΙΙ.

369 1541 433 1574 DE
462 1541 675 1575 FONTIBUS
702 1549 781 1576 SEU
809 1542 1041 1576 PRINCIPIIS
1070 1542 1376 1575 MoRAL1TAT1s.

216 1618 377 1663 QUAER.
409 1624 454 1653 10.
482 1620 589 1664 Quid
599 1621 833 1666 szgm'ficelur
847 1622 995 1655 nomine
1011 1620 1170 1655 fontium
1189 1620 1418 1654 moralitatis
1432 1620 1452 1653 ?

211 1687 330 1722 RESP.
361 1688 422 1722 Sic
450 1690 686 1734 appellantur
711 1701 756 1724 ea
782 1696 935 1724 actuum
961 1690 1149 1724 elementa
1174 1700 1282 1734 quae,
1308 1695 1416 1733 prout
1434 1687 1573 1732 regulis

165 1745 309 1768 morum
339 1736 547 1770 conformia
573 1744 636 1771 aut
663 1736 849 1771 difformia
876 1744 973 1778 sunt,
999 1737 1164 1772 efficiunt
1191 1743 1230 1771 ut
1248 1742 1354 1771 actus
1381 1735 1454 1770 sint
1472 1735 1575 1778 boni,

166 1780 266 1824 mali,
287 1782 344 1815 vel
364 1782 629 1818 indifferentes.
661 1783 777 1828 [430.]

214 1849 375 1893 QUAER.
404 1860 452 1884 20.
483 1852 582 1896 Quot
596 1854 675 1886 sint
686 1853 808 1896 fontes
825 1853 1073 1887 moralitatis
1071 1853 1087 1878 9

213 1917 332 1951 RESP.
360 1918 474 1951 Tres:
494 1920 680 1963 objectum,
699 1921 1126 1964 εινίκι]]ιςίαιιίι“’.ιιε,βηω
1178 1917 1358 1952 Etenim'
1350 1929 1387 1951 m
1406 1923 1491 1952 actu
1510 1917 1575 1953 de-

164 1963 334 2005 liberato,
368 1976 481 2009 quum
517 1966 598 2010 quis
641 1967 689 2000 ob
725 1966 836 2000 finem
880 1968 967 2009 agit,
1002 1968 1175 2001 voluntas
1218 1965 1354 2008 duplex
1395 1965 1573 2009 distingui

163 2017 313 2055 potest3
342 2012 402 2053 (a)
430 2012 602 2046 voluntas
629 2013 855 2057 assequendi
877 2014 1011 2057 finem,
1038 2025 1082 2047 ac
1119 2013 1176 2056 (b)
1210 2013 1383 2046 voluntas
1411 2013 1574 2046 medium

161 2058 366 2092 adhibendi
387 2058 501 2103 (quae
520 2059 594 2093 duo
613 2071 703 2094 sane
722 2060 877 2094 inveniri
896 2067 1053 2113 possunt
1072 2060 1108 2094 in
1127 2071 1201 2094 uno
1219 2059 1428 2104 eodemque
1446 2059 1574 2093 volun-

162 2105 249 2139 tatis
267 2106 533 2150 actu);por10
559 2106 596 2140 in
624 2113 708 2141 actu
735 2114 919 2152 quatenus
946 2107 1045 2142 circa
1071 2107 1233 2141 meduan
1251 2114 1430 2148 versatur,
1449 2106 1573 2141 adhuc

161 2151 338 2196 distingui
354 2161 509 2197 possunt
522 2154 730 2188 subslantm
744 2160 849 2188 actus
868 2161 904 2189 et
918 2155 1244 2195 czrcumstcmtzffae
1262 2153 1310 2187 ad
1324 2153 1573 2187 substanttam

161 2198 322 2243 pertinet
353 2200 389 2233 id
418 2212 529 2234 omne
560 2201 660 2246 quod
690 2201 824 2235 mutari
852 2202 982 2247 nequit
1012 2202 1100 2247 quin
1129 2207 1234 2235 actus
1262 2200 1347 2234 ideo
1373 2207 1572 2235 censeatur

159 2247 333 2280 dzversus
366 2247 455 2291 fieri,
490 2247 551 2292 qui
586 2249 734 2282 nomine
770 2249 826 2282 dz
816 2260 918 2283 “te7so
949 2215 1184 2294 appiellatur3
1229 2248 1406 2292 adjuncta
1446 2254 1571 2282 cetera

160 2293 333 2327 dicuntur
365 2296 677 2328 ευαιηιςίιιηίῑᾞαε
751 2295 813 2330 Sic
856 2295 966 2340 igitur
1009 2296 1287 2340 distinguuntur
1328 2301 1403 2328 tres
1446 2295 1569 2329 fontes

160 2340 405 2383 moralitatis,
434 2353 522 2375 nain
551 2342 739 2387 objectum,
775 2342 869 2377 sicut
899 2343 960 2378 hic
995 2343 1223 2387 intelligitur,
1253 2341 1345 2375 nihil
1380 2341 1480 2376 aliud
1511 2349 1568 2376 est

159 2398 271 2432 quam
291 2394 396 2422 actus
421 2389 641 2433 substantm,
669 2396 777 2433 prout
804 2389 1043 2435 distinguitur
1068 2402 1090 2424 a
1103 2391 1186 2434 fine
1212 2395 1247 2423 et
1274 2390 1568 2423 ι·’ῑνι·“”ῑιηιςίιιηίῑῑ.ῑ

159 2432 368 2479 [431-435·]

211 2482 341 2526 Itaque
360 2482 436 2516 fieri
455 2489 578 2536 potest
596 2490 634 2517 ut
653 2495 697 2517 ea
715 2495 811 2537 quae
835 2486 1138 2518 czwrcumstantme
1163 2483 1248 2524 sint,
1266 2482 1296 2517 si
1323 2489 1427 2517 actus
1454 2482 1568 2527 inspi-

153 2527 278 2563 ciatur
307 2530 376 2563 sub
406 2541 480 2564 una
510 2531 665 2575 ratione,
692 2532 901 2576 pertineant
931 2532 980 2566 ad
1005 2532 1254 2566 substantzam
1283 2541 1348 2565 seu
1378 2531 1566 2575 objectum,
