1716 2729
117 63 158 89 n.
187 48 268 103 10.]
530 49 582 90 de
599 49 781 90 Actibus
800 49 1039 90 Humanis.
1464 61 1489 103 7
1497 61 1514 103 5

114 164 386 213 inducerent,
425 163 557 204 simul
598 164 732 204 etiarn
771 163 1165 206 animadverterint
1200 165 1261 206 sic
1297 165 1515 207 efformari

116 232 494 281 consuetudinem,
516 245 630 284 quae
662 230 809 271 futura
831 237 947 272 esset
978 245 1112 272 causa
1143 231 1515 285 blasphemiarum

116 299 160 339 in
192 314 301 353 quas
338 306 503 352 postea,
545 313 597 339 ea
640 299 826 351 abrepti,
864 305 1158 352 erumperent.
1219 300 1437 352 Jamvero,
1468 309 1515 343 ut

116 367 224 407 scite
259 366 571 406 animadvertit
604 365 652 408 P.
687 365 922 416 Ballerini,1
954 367 1065 406 “vix
1097 367 1140 406 in
1164 368 1292 419 praxi
1329 370 1514 421 reperies

113 434 314 474 homines
328 434 384 474 ad
401 434 484 474 hoc
498 434 752 485 advertisse,
769 435 1028 487 praesertim
1052 435 1087 474 si
1110 449 1135 475 a
1149 436 1294 488 pueris
1311 435 1510 477 habitum

114 501 445 552 contraxerint;
485 502 673 554 insuper,
697 501 871 542 etiarnsi
904 502 1002 555 quis
1035 503 1239 543 advertat
1260 504 1517 557 periculum,

114 574 263 609 tamen
287 582 423 621 quum
446 582 534 608 non
555 568 720 609 habeat
742 569 1020 622 propositum
1043 569 1356 623 frequentandi
1378 577 1514 621 actus,

114 637 203 676 imo
223 636 307 677 sibi
328 636 588 690 polliceatur
608 637 716 677 alias
738 651 784 677 se
817 651 902 677 non
936 637 1361 691 blasphematurum,
1383 653 1514 693 aegre

112 706 229 745 hunc
249 712 419 746 reatum
442 705 681 745 invenies.”
743 708 763 724 “
782 705 1043 754 Attamen,''
1065 712 1113 746 ut
1144 706 1410 747 clarissimus
1442 708 1513 748 ille

112 779 264 814 auctor
314 787 404 813 rem
447 774 738 826 prosequitur,
781 773 920 814 “licet
963 780 1109 814 reatus
1156 788 1213 814 ex
1264 775 1347 815 hac
1388 783 1512 828 parte

111 840 330 891 deficeret,
353 841 396 880 in
419 855 470 881 eo
502 847 653 881 tamen
678 846 796 881 certe
826 840 1028 890 habetur,
1051 843 1169 894 quod
1203 843 1301 894 quis
1323 843 1515 896 neglzgat

109 909 331 950 emendare
352 909 728 958 consuetudinem,
746 922 880 962 quam
897 909 979 949 sub
1001 910 1122 962 gravi
1140 910 1293 950 tollere
1307 916 1482 952 tenetur
1501 926 1509 961 ;

109 984 152 1017 et
193 977 302 1019 haec
343 978 522 1030 quidem
565 977 838 1030 negligentia
878 977 1038 1018 sufficit
1076 984 1123 1018 ut
1165 985 1288 1019 actus
1325 980 1414 1020 sint
1449 980 1511 1029 [in

107 1045 254 1099 causa]
290 1045 539 1095 voluntarii,
570 1044 685 1086 sicut
718 1053 820 1085 sunt
852 1045 1033 1085 effectus
1070 1059 1223 1086 omnes
1260 1047 1510 1087 omissionis

107 1113 235 1153 nobis
255 1113 541 1162 voluntariae,
563 1127 698 1166 quum
722 1112 888 1153 scilicet
910 1127 997 1153 non
1021 1127 1298 1154 removemus
1329 1128 1506 1155 causam

107 1181 164 1222 ad
187 1195 319 1234 quam
344 1181 658 1221 removendam
681 1187 900 1222 tenemur.
966 1181 1025 1221 Et
1048 1183 1110 1222 sic
1131 1188 1254 1235 patet
1283 1184 1507 1235 quomodo

106 1248 381 1290 voluntarius
404 1249 460 1289 sit
483 1250 816 1289 consuetudinis
839 1255 996 1298 reatus,
1020 1249 1122 1290 licet
1144 1250 1333 1290 defuerit
1354 1251 1507 1291 adver—

106 1316 245 1356 tentia
266 1330 317 1357 ac.
339 1324 485 1357 reatus
507 1317 550 1356 in
582 1317 678 1370 ipsa
699 1318 1017 1358 consuetudine
1039 1317 1391 1359 contrahenda.'’2

164 1387 206 1425 80
237 1388 257 1404 “
276 1385 349 1425 Ex
371 1384 479 1432 his,’‘
504 1391 552 1424 ut
575 1385 692 1425 idem
717 1385 957 1438 subjungit,
980 1388 1000 1405 “
1015 1399 1204 1439 pronum
1228 1392 1294 1425 est
1316 1387 1372 1426 de
1385 1386 1504 1427 hisce

97 1454 314 1505 judicium
337 1453 460 1492 ferre.
524 1452 641 1493 Nam
665 1454 734 1493 vel
765 1453 1071 1506 blasphemiae
1103 1467 1189 1493 non
1223 1455 1504 1506 proferuntur

101 1521 390 1561 indeliberate
434 1522 594 1573 (neque
635 1522 753 1561 enim
796 1522 1073 1562 consuetudo
1111 1522 1241 1562 efficit
1278 1529 1327 1562 ut
1362 1537 1504 1563 omnes

100 1595 223 1629 actus
259 1589 346 1628 sint
387 1588 696 1638 indeliberati),
731 1594 775 1629 et
813 1590 906 1640 jam
950 1596 1119 1629 reatum
1159 1590 1203 1629 in
1243 1604 1286 1629 se
1323 1590 1501 1641 habent,

100 1663 255 1710 utpote
277 1657 322 1696 in
353 1670 397 1696 se
424 1656 736 1697 voluntariae.’'
800 1657 858 1697 Et
895 1657 965 1697 hic
988 1671 1087 1697 cum
1122 1657 1164 1698 S.
1191 1657 1425 1710 Alphonso
1458 1666 1500 1699 et

99 1725 402 1766 communiore
424 1724 516 1764 TT.
541 1725 760 1765 sententia
795 1726 1083 1766 statuendum
1105 1726 1279 1766 videtur
1309 1726 1500 1779 plerum-

97 1808 182 1847 que
205 1793 378 1833 evenire
415 1800 463 1832 ut
494 1792 712 1845 ejusmodi
750 1793 883 1833 etiam
917 1800 1183 1846 peccatores,
1215 1796 1496 1847 quantumvis

98 1862 292 1913 corrupti
315 1867 358 1900 et
380 1861 621 1910 excaecati,
644 1861 750 1900 satis
775 1862 1008 1901 advertant
1023 1863 1077 1901 ad
1101 1861 1315 1902 malitiam
1338 1863 1495 1904 saltem

97 1929 386 1981 plurimorum
418 1942 475 1968 ex
509 1929 598 1968 suis
631 1929 813 1978 actibus,
837 1931 911 1982 qui
946 1930 1078 1982 igitur
1116 1936 1297 1983 peccata
1333 1931 1420 1971 sint
1451 1938 1494 1972 et

97 1997 276 2049 quidem
325 1994 776 2037 mortalia3——Tarnen
829 2011 886 2037 ex
928 2004 1085 2038 natura
1124 1999 1181 2037 rei
1225 1999 1330 2038 satis
1368 2006 1491 2051 patet

94 2071 276 2117 peccata
316 2065 558 2105 07722'552'0722'5
589 2079 717 2118 posse
751 2065 890 2105 multo
932 2065 1099 2106 facilius
1141 2080 1273 2118 quam
1311 2074 1493 2119 peccata

93 2132 404 2172 commissionis
426 2133 469 2172 in
504 2133 721 2186 ejusmodi
755 2134 1060 2185 peccatoribus
1093 2135 1186 2174 sine
1217 2136 1492 2176 advertentia

91 2201 286 2240 malitiae
308 2201 492 2240 evenire.

132 2320 141 2334 ¹
163 2320 229 2350 Vid
247 2320 339 2360 Gury
357 2319 436 2360 (Ed.
455 2321 584 2359 Rom.),
608 2322 696 2353 Part.
715 2322 738 2351 i.
755 2326 797 2361 n.{
810 2330 884 2361 300,
906 2321 988 2362 (3⁰),
1009 2328 1088 2353 nota
1107 2321 1165 2362 (a).

131 2364 144 2382 2
161 2363 242 2393 Vid.
261 2364 360 2393 etiarn
375 2364 409 2395 S.
425 2363 545 2404 Alph.,
565 2364 639 2396 Lib.
661 2374 690 2395 2.
715 2365 771 2395 Tr.
798 2366 835 2395 de
850 2367 925 2396 Act.
942 2366 1062 2403 Hum.,
1082 2367 1156 2396 Art.
1171 2366 1205 2396 ii.
1232 2376 1262 2396 n.
1288 2373 1335 2402 14.

132 2407 144 2426 3
159 2407 239 2437 Vid.
261 2406 297 2437 S.
315 2406 434 2447 Alph.,
449 2406 525 2437 Lib.
544 2416 575 2445 4.
592 2408 703 2439 Tract.
722 2416 751 2439 2.
768 2409 820 2438 De
834 2409 979 2439 Secundo
994 2410 1160 2449 Praecepto
1172 2409 1333 2448 Decalegl}
1354 2418 1384 2438 n.
1406 2415 1483 2446 127;

89 2449 242 2486 Lacroix‚
262 2449 335 2479 Lib.
356 2456 384 2490 5.
409 2450 463 2480 Tr.
482 2450 519 2480 de
537 2451 693 2489 Peccatis,
714 2462 745 2481 n.
764 2460 816 2482 21.
863 2451 912 2483 Cf.
936 2452 1107 2490 Ballerini,
1127 2452 1161 2482 in
1178 2452 1279 2490 Gury.
1303 2451 1362 2480 Ed.
1384 2451 1482 2481 Rom.

89 2499 174 2533 part.
192 2493 213 2524 i.
231 2503 263 2523 n.
281 2501 344 2532 300
363 2492 444 2533 (30),
464 2498 541 2524 nota
568 2492 622 2533 (b).
