1716 2729
153 88 208 128 86
740 86 969 128 Tractatns
1385 86 1545 140 [GURY
1554 120 1565 136 „

539 268 1024 311 ARTICULUS
1080 270 1179 312 IV.

343 369 409 400 DE
442 369 693 401 OPPOSITIS
725 369 1041 402 VOLUNTARII
1074 371 1135 402 ET
1168 371 1351 402 LIBERI.

208 463 302 493 212.
337 452 562 506 Quoniam
602 453 704 503 duo,
746 459 795 493 ut
836 467 971 507 supra
1015 454 1069 507 (n.
1115 455 1203 509 35.)
1243 455 1447 504 vidimus,
1498 454 1555 494 ad

146 521 445 562 voluntarium
486 522 779 574 requiruntur,
815 523 1092 564 advertentia
1132 523 1381 564 intellectus
1422 529 1558 575 atque

147 589 389 630 voluntatis
413 604 665 639 consensus,
689 590 789 630 ideo
811 590 1062 631 voluntario
1096 592 1318 632 adversari
1350 592 1558 631 dicuntur

147 672 199 698 ea
239 659 390 699 omnia
432 658 591 712 quibus
633 672 770 699 unum
813 665 890 699 aut
932 659 1119 700 alterum
1163 674 1222 700 ex
1272 660 1340 700 his
1381 660 1555 700 duobus

146 727 360 767 minuitur
380 733 457 767 aut
479 726 659 767 tollitur.
726 726 962 779 Ejusmodi
982 728 1305 781 impedimenta
1318 728 1555 768 voluntarii

146 795 291 836 solent
341 802 533 849 quatuor
584 796 828 836 recenseri:
896 797 1161 849 ignorantia,
1211 796 1558 849 concupiscentia,

144 870 291 913 metus,
311 870 355 904 et
377 867 446 904 vis
477 878 553 905 seu
581 864 795 905 violentia.

582 984 600 1035 ξ
628 994 660 1022 1.
694 982 764 1022 Dc
781 983 1055 1036 Ignorantia.

204 1085 299 1126 213.
334 1072 611 1118 Definitio.
666 1074 940 1127 Ignorantia,
983 1089 1113 1115 sensu
1158 1075 1314 1115 latiore
1362 1081 1555 1128 sumpta,

144 1150 211 1184 est
233 1143 426 1184 absentia
445 1143 645 1184 scientiae
667 1144 712 1183 in
743 1143 922 1196 subjecto
952 1143 1116 1183 sciendi
1141 1143 1297 1196 capaci,
1362 1143 1495 1197 Quod
1518 1144 1553 1184 si

144 1219 303 1265 agatur
344 1214 401 1253 de
443 1212 643 1266 subjecto
685 1212 852 1252 sciendi
895 1212 1097 1265 incapaci,
1140 1213 1231 1253 sive
1273 1212 1329 1252 sit
1372 1213 1554 1253 omnino

144 1287 279 1334 atque
313 1296 371 1322 ex
407 1296 486 1322 sua
530 1287 689 1322 natura
732 1282 940 1334 incapax,
983 1287 1031 1322 ut
1072 1295 1154 1334 vg.
1199 1281 1325 1335 lapis,
1365 1281 1458 1321 sive
1497 1281 1554 1322 sit

143 1351 337 1404 incapax
359 1357 535 1391 tantum
568 1350 739 1391 ratione
772 1349 1006 1402 cujusdam
1040 1356 1196 1398 statuS,
1218 1352 1445 1403 temporis,
1468 1356 1550 1390 etc.

142 1425 190 1459 ut
213 1433 294 1472 vg.
318 1419 476 1469 infans,
501 1433 668 1468 amens,
692 1416 804 1468 etc.‚1
821 1419 1024 1459 absentia
1046 1419 1255 1459 scientiae
1279 1432 1365 1458 non
1391 1418 1553 1458 dicitur

143 1488 404 1541 ignorantia,
427 1502 482 1528 ne
503 1487 586 1528 hoc
610 1487 767 1528 latiore
784 1488 966 1541 quidem
989 1489 1110 1528 vocis
1133 1501 1275 1527 sensu.

201 1567 296 1607 214.
332 1557 604 1610 Ignorantia,
635 1570 768 1596 sensu
801 1557 1019 1597 strictiore
1051 1562 1244 1608 sumpta,
1267 1561 1333 1595 est
1360 1554 1554 1595 absentia

141 1639 217 1665 seu
240 1625 430 1665 carentia
444 1624 647 1665 scientiae
659 1624 839 1677 subjecto
852 1625 1029 1666 debitae.
1094 1625 1269 1664 Dicitur
1290 1627 1329 1664 1Ο
1344 1623 1552 1671 absentia,

143 1707 231 1746 quo
273 1695 481 1734 convenit
516 1707 616 1733 cum
639 1693 900 1733 definitione
916 1693 1011 1746 jam
1036 1693 1254 1746 exposita.
1317 1693 1493 1732 Dicitur
1510 1696 1554 1731 2Ο

141 1763 345 1812 carentia,
382 1777 496 1815 quae
517 1777 608 1803 vox
643 1761 865 1815 significat
904 1775 1009 1810 rem,
1035 1775 1150 1814 quae
1184 1762 1311 1810 desit,
1333 1761 1552 1813 ejusmodi

142 1845 237 1872 esse
259 1845 372 1884 quae
395 1831 544 1884 aliquo
567 1831 703 1871 modo
726 1831 889 1870 debeat
912 1832 1082 1870 adesse.
1146 1831 1306 1883 Itaque
1329 1832 1372 1882 3⁰
1394 1831 1554 1871 dicitur

140 1900 340 1940 scientiae
358 1900 536 1952 subjecto
566 1899 739 1948 debitae,
761 1913 875 1952 quae
897 1899 1095 1939 clausula
1126 1899 1435 1951 complectitur
1464 1913 1553 1939 non

141 1968 285 2009 solum
309 1968 416 2008 illud
440 1968 639 2008 debitum
658 1982 733 2008 seu
757 1968 1078 2021 obligationem
1097 1981 1210 2020 quae
1232 1981 1290 2007 ex
1314 1974 1555 2021 praecepto

140 2039 289 2087 oritur,
314 2037 390 2078 sed
424 2037 557 2077 etiam
591 2037 792 2077 debitum
819 2036 926 2077 illud
965 2037 1085 2089 quod
1119 2037 1246 2077 adest
1278 2037 1452 2089 quoties
1486 2050 1553 2077 res

140 2107 195 2146 de
217 2120 306 2159 qua
343 2106 488 2158 agitur
527 2106 587 2145 ita
610 2106 817 2146 convenit
849 2105 1050 2158 subjecto
1086 2111 1134 2145 ut
1169 2105 1444 2158 imperfectio
1475 2119 1551 2145 seu

138 2172 338 2212 defectus
375 2178 606 2212 censeatur
643 2185 694 2212 ea
729 2185 902 2212 carere:
946 2171 1059 2211 sicut
1100 2184 1179 2223 vg.
1219 2172 1254 2211 si
1288 2172 1355 2211 vir
1392 2171 1552 2212 nobilis

138 2242 317 2293 ignarus
340 2241 396 2281 sit
428 2241 531 2281 artis
570 2241 802 2281 scribendi.
867 2240 940 2282 Sic
962 2240 1095 2293 igitur
1127 2241 1333 2280 sacerdos
1368 2241 1544 2293 proprie

137 2311 223 2351 dici
266 2316 414 2364 potest
459 2310 660 2361 ignorare
700 2309 993 2362 Theologiam
1039 2309 1289 2358 Moralem;
1342 2310 1462 2362 quod
1515 2308 1550 2348 si

139 2380 302 2420 rustico
336 2380 462 2419 deest
494 2378 568 2418 illa
605 2378 804 2426 scientia,
842 2379 925 2419 hoc
974 2377 1059 2418 dici
1098 2378 1251 2430 nequit
1290 2377 1549 2430 ignorantia,

189 2511 295 2543 lVid.
322 2512 508 2552 Laymann,
539 2511 613 2542 Lib.
646 2520 672 2542 1.
700 2516 796 2542 tract.
827 2512 860 2543 ii.
885 2522 918 2542 n.
945 2520 982 2549 [ς
1016 2511 1246 2551 Reiffenstuel,
1281 2513 1387 2543 leeoZ.
1414 2513 1550 2545 fitoral„

137 2555 249 2586 Tract.
275 2556 297 2586 i.
317 2556 392 2586 dist.
413 2555 435 2586 i.
454 2566 486 2586 n.
503 2562 555 2596 35.
575 2566 648 2596 cap.
666 2555 706 2585 iv.
