1716 2729
177 64 257 105 160
765 62 805 102 T
803 68 997 103 metatus
1410 58 1506 116 [GU
1512 71 1590 112 RY,

173 180 583 234 praetermitterent
616 179 940 219 confessionem
976 185 1260 232 peccatorum
1293 191 1408 230 quae
1436 184 1586 219 tamen

170 258 218 293 ut
269 252 585 293 confiterentur
639 252 822 292 omnino
876 252 1109 304 exigerent
1151 250 1242 290 sive
1287 250 1352 303 (a)
1395 250 1590 290 rationes

167 323 426 363 extrinsecae
464 336 506 362 n.
561 330 663 372 425.
701 321 956 368 recensitae,
998 321 1089 368 sive
1133 318 1191 371 (b)
1235 317 1468 358 intrinseca
1510 318 1588 357 ob-

169 391 324 445 ligatio
347 391 589 432 confitendi
614 389 845 429 formalem
871 389 1013 441 ipsam
1037 394 1324 441 peccatorum
1358 386 1587 432 malitiam,

168 461 310 514 qualis
342 461 501 501 saltem
525 467 608 512 pets
636 458 839 507 accidens,
872 459 1005 498 modo
1038 472 1077 499 n.
1108 459 1204 509 426.
1229 457 1451 511 exposito,
1484 470 1587 497 con-

167 530 439 571 stitueretur.

226 611 323 650 429.
358 599 525 639 Verum
550 599 660 638 haec
686 598 792 638 satis
815 611 1035 650 superque
1058 597 1177 637 dicta
1198 603 1301 637 sunt
1323 597 1378 636 de
1412 601 1586 636 contro-

168 669 312 709 versia
344 682 470 722 quae,
494 675 542 708 ut
574 682 632 707 ex
664 667 878 707 hactenus
911 663 1140 719 expositis¹
1166 672 1354 713 constat,
1377 665 1431 705 ad
1457 679 1585 705 usum

172 739 355 779 minime
377 742 565 790 spectat.

566 893 1065 934 ARTICULUS
1120 892 1204 933 II.

493 986 569 1026 DE
603 987 860 1026 FONTIBUS
898 986 1263 1026 MORALITATIS.

227 1091 324 1131 430.
359 1077 964 1122 Definitio.-—M0ralitatis
1003 1078 1152 1130 sontes
1194 1078 1264 1118 hic
1305 1078 1587 1132 appellantur

170 1162 222 1189 ea
244 1149 539 1189 humanarum
574 1148 801 1188 actionum
835 1147 1067 1197 elementa,
1099 1161 1227 1200 quae,
1262 1153 1394 1200 prout
1426 1146 1588 1200 regulis

166 1231 341 1257 morum
378 1216 626 1257 conformia
660 1222 737 1256 aut
771 1215 994 1256 difformia
1027 1222 1141 1264 sunt,
1174 1215 1370 1256 efficiunt
1392 1220 1441 1254 ut
1464 1215 1586 1267 ipsae

168 1287 367 1327 actiones
391 1286 479 1326 sint
502 1285 569 1324 his
594 1284 758 1337 regulis
782 1285 1032 1325 conformes
1055 1292 1132 1326 aut
1153 1285 1394 1326 difformes.

223 1367 321 1408 431.
357 1355 467 1394 Tres
490 1353 637 1394 fontes
661 1355 926 1395 moralitatis
959 1362 1264 1397 recensentur:
1297 1357 1373 1410 qui
1405 1363 1510 1397 sunt
1548 1367 1587 1397 1⁰

165 1424 370 1477 objectum
414 1428 566 1473 actus,
621 1426 664 1463 2⁰
708 1424 1062 1465 circumstantiae
1104 1425 1334 1477 ejusdem;
1389 1430 1432 1478 3⁰
1470 1426 1586 1480 finis

167 1494 354 1546 agentis.
420 1492 602 1533 Etenim
647 1494 703 1533 ad
746 1493 856 1534 haec
899 1494 983 1534 tria
1023 1495 1171 1547 capita
1219 1501 1483 1536 revocantur
1534 1508 1585 1534 ea

165 1562 317 1602 omnia
338 1561 382 1601 in
407 1560 567 1614 quibus
603 1567 728 1601 actus
758 1568 907 1615 potest
945 1562 1106 1616 regulis
1140 1576 1313 1603 morum
1351 1563 1586 1603 convenire

166 1637 245 1671 aut
269 1630 587 1670 disconvenire.

223 1710 322 1750 432.
356 1698 483 1751 Quae
519 1704 567 1738 ut
609 1699 721 1739 inter
758 1713 804 1739 se
843 1700 1187 1753 distinguantur,
1227 1700 1337 1742 haec
1372 1702 1584 1754 praemit-

165 1769 303 1809 tenda
325 1775 444 1808 sunt.
481 1766 634 1820 Quum
658 1768 808 1819 homo,
828 1770 871 1810 in
895 1771 1101 1811 omnibus
1118 1771 1290 1812 actibus
1313 1772 1582 1820 deliberatis,

167 1837 225 1876 ob
249 1837 381 1876 finem
405 1843 523 1890 agat,
552 1837 653 1878 ideo
675 1845 863 1891 possunt
885 1840 928 1879 in
951 1840 1122 1880 actibus
1145 1840 1351 1881 humanis
1370 1841 1582 1894 distingui

166 1907 276 1948 haec
299 1908 388 1947 duo
408 1921 417 1958 3
453 1907 520 1962 (a)
548 1906 878 1961 voluntasfinz's
899 1910 1177 1962 assequendi,
1209 1915 1253 1950 et
1287 1908 1348 1964 (b)
1371 1908 1579 1950 voluntas

168 1975 337 2029 aliquid
360 1975 605 2016 adhibendi
629 1982 677 2015 ut
712 1977 902 2016 medium
939 1991 1028 2029 quo
1061 1977 1159 2018 finis
1180 1978 1443 2031 attingatur.
1507 1977 1584 2019 Sic

166 2058 251 2098 V.g.
273 2045 308 2084 si
332 2044 429 2096 quis
467 2045 655 2097 pauperi
690 2045 876 2098 largitur
908 2046 1253 2099 eleemosynam,
1275 2048 1368 2087 sive
1400 2048 1456 2088 ad
1480 2046 1581 2087 sub-

167 2114 404 2155 levandam
442 2113 557 2153 illius
598 2113 837 2165 miseriam,
861 2114 954 2155 sive
987 2115 1043 2155 ad
1078 2128 1240 2155 vanarn
1275 2115 1358 2156 sibi
1392 2115 1580 2168 gloriam

169 2182 453 2237 captandam,
474 2180 569 2221 vult
602 2179 665 2234 (a)
703 2182 876 2234 assequi
901 2184 1054 2236 finem,
1086 2182 1441 2224 sublevationem
1473 2196 1581 2236 pau-

168 2253 297 2306 peris,
333 2256 410 2291 aut
450 2262 613 2291 Vanam
658 2250 872 2302 gloriam,
906 2252 998 2291 vuit
1036 2251 1092 2304 (b)
1131 2251 1342 2293 adhibere
1377 2251 1579 2299 medium,

169 2321 503 2373 eleemosynam
547 2331 708 2372 nempe
739 2321 923 2372 pauperi
965 2321 1260 2370 tribuendam,
1296 2326 1344 2361 ut
1377 2320 1439 2361 sic
1481 2319 1580 2360 finis

170 2390 242 2430 ille
266 2390 522 2442 attingatur.

160 2476 240 2484 „—

489 2520 495 2542 1
514 2518 592 2549 Vid.
619 2519 813 2559 praesertim
832 2528 886 2550 nn.
906 2519 1064 2559 406-409,
1080 2526 1157 2561 425,
1176 2526 1250 2560 427.
