1716 2729
155 42 235 96 14]
521 38 572 78 de
592 35 774 77 Actibus
793 34 1033 74 Humanis.
1423 43 1502 83 109

88 158 273 213 generis,
296 158 352 197 de
385 169 474 209 quo
505 154 576 193 hic
608 152 792 205 agimus.
857 149 1055 201 Ideoque
1088 148 1343 200 hujusmodi
1380 149 1503 200 igno-

91 228 235 268 rantia
256 223 555 267 voluntarium
580 233 668 260 non
702 218 831 260 tollit.

149 297 243 336 280.
280 294 675 334 COROLLARIUM.
733 283 1007 338 Hnjnsmodi
1057 283 1307 336 rgnoramia
1359 283 1504 322 volan-

91 363 257 404 tarinm
279 356 697 401 minuit—Etenim
721 355 791 394 hic
814 366 1005 407 quoque,
1023 359 1071 391 ut
1093 356 1229 404 patet,
1254 349 1371 390 valet
1394 352 1505 391 ratio

92 446 130 472 n.
156 431 250 471 262.
275 427 451 469 tradita.

151 500 246 539 281.
281 497 354 537 Ex
387 495 454 534 his
488 493 620 547 plane
642 493 842 546 sequitur
863 490 985 530 nullo
1019 489 1154 529 modo
1191 487 1338 527 inferri
1378 501 1508 539 posse

93 569 315 610 actionem
359 579 455 606 esse
498 564 598 604 ideo
640 576 665 602 a
707 560 838 614 culpa
888 561 1146 606 immunem,
1198 556 1318 609 quod
1372 569 1507 608 agens

93 635 404 677 invincibiliter
440 638 587 673 careat
623 629 800 671 scientia
838 626 1125 680 obligationis
1158 639 1246 677 qua
1269 625 1386 665 actio
1409 638 1506 676 pro-

93 705 308 753 hibeatur,
331 716 420 751 seu,
442 701 538 742 aliis
560 699 719 748 verbis,
744 697 879 750 quod,
913 696 997 735 hoc
1020 708 1163 742 sensu,
1201 692 1511 733 invincibiliter

96 774 274 827 ignorat
292 772 514 812 actionem
538 782 634 809 esse
657 767 867 807 illicitam.
933 764 992 803 Et
1015 763 1196 816 quidem
1224 762 1266 801 in
1290 761 1508 802 Tractatu

95 843 147 884 de
198 840 475 887 Conscientia,
528 843 710 891 agentes
762 835 818 876 de
871 832 1208 881 Probabilismo,
1258 830 1509 871 videbimus

96 909 353 963 hujusmodi
395 908 591 948 actiones
629 903 870 957 aliquando
908 902 1128 942 immunes
1170 914 1196 940 a
1234 899 1364 952 culpa
1401 913 1508 946 esse,

97 978 338 1032 aliquando
361 976 478 1017 non.1

110 1079 113 1081 >
161 1049 256 1088 282.
291 1046 356 1086 At
393 1046 491 1098 quis
529 1044 728 1091 fortasse,
749 1055 807 1081 ex
845 1046 1111 1092 argumento
1148 1051 1174 1078 a
1206 1036 1509 1090 probabilistis

100 1117 427 1171 antiquioribus
460 1113 721 1166 saepissime
751 1109 966 1158 adhibito,
998 1108 1208 1148 adversus
1245 1106 1512 1158 principium

101 1201 141 1228 n.
161 1190 254 1239 278.
272 1186 489 1227 traditum
514 1181 698 1234 objiciat
721 1177 1019 1232 ignorantiam
1044 1174 1344 1216 invincibilem
1367 1172 1512 1225 cujus-

100 1257 166 1298 vis
200 1255 372 1309 generis
403 1251 652 1293 necessario
684 1263 709 1289 a
741 1248 872 1300 culpa
905 1258 1131 1293 excusare,
1154 1257 1291 1296 quum
1325 1256 1377 1283 ea
1408 1255 1513 1282 sane

102 1329 327 1378 nequeant
349 1323 392 1362 in
417 1320 593 1374 culpam
618 1317 842 1371 imputari,
866 1329 981 1368 quae
1018 1327 1074 1353 ne
1106 1312 1308 1353 adhibita
1331 1311 1512 1364 quidem

101 1393 334 1447 diligentia
356 1390 512 1431 morali
535 1388 688 1429 evitati
707 1386 890 1440 possint.
954 1383 1129 1426 Ouibus
1152 1380 1518 1466 respondendum2

104 1470 170 1505 est
203 1475 303 1502 cum
336 1459 548 1511 theologo
569 1471 592 1496 e
614 1456 768 1497 castris
792 1451 1275 1507 antiprobabilistarum
1312 1444 1518 1501 insigni:

107 1532 167 1586 (a)
202 1529 417 1577 indirecte,
443 1530 757 1579 argumentum
792 1522 911 1563 istud
950 1521 1135 1561 nimium
1174 1519 1386 1572 probare;
1416 1530 1515 1569 pro—

104 1602 231 1642 baret
263 1598 379 1639 enim
411 1602 576 1647 semper
596 1594 726 1633 licere
758 1592 969 1632 adversus
1002 1590 1145 1642 legem
1179 1602 1310 1641 agere
1342 1587 1517 1640 quoties

107 1683 195 1710 non
218 1668 401 1709 omnino
423 1670 634 1706 constaret
662 1662 806 1714 legem
838 1659 909 1700 hic
932 1665 976 1699 et
1001 1671 1117 1698 nunc
1139 1656 1337 1710 obligare
1357 1670 1364 1705 ;
1396 1656 1516 1708 quod

106 1745 257 1779 tamen
294 1748 425 1775 nemo
461 1732 595 1773 hodie
632 1729 872 1770 affirmabit
894 1727 920 1778 ;3
952 1726 1012 1781 (b)
1045 1726 1211 1774 directe,
1239 1724 1518 1765 ostendendo

107 1805 359 1860 argumenti
394 1802 643 1843 fallaciam:
691 1798 925 1840 “Fallacia
959 1803 1108 1839 autem
1147 1795 1349 1836 consistit
1385 1795 1428 1834 in
1466 1807 1518 1834 eo

111 1874 232 1929 quod
270 1874 327 1914 ad
364 1871 572 1913 actionem
608 1867 818 1910 transfert
854 1865 1189 1907 exeusationem
1230 1877 1343 1916 quae
1375 1862 1516 1903 solum

109 1943 245 1984 habet
277 1942 423 1982 locum
456 1943 660 1992 respectu
692 1936 880 1989 defectus
908 1933 1136 1975 scientiae:
1169 1933 1288 1973 aliud
1312 1933 1429 1972 enim
1453 1938 1519 1972 est

111 2012 219 2053 mihi
257 2024 345 2052 non
385 2008 594 2063 imputari
629 2007 686 2047 ad
721 2004 897 2057 culpam
930 2002 1139 2054 defectum
1159 2001 1360 2041 scientiae
1380 2000 1519 2052 notifi-

110 2080 250 2122 cantz‘s
281 2079 394 2119 milti
424 2075 694 2119 existentiam
725 2071 948 2126 praecepti,
969 2077 1222 2124 postquam,
1248 2070 1367 2110 facta
1402 2069 1521 2109 suffi-

112 2149 245 2191 cienti
279 2147 512 2201 diligentia
549 2145 604 2185 ad
643 2141 952 2196 inquirendam
986 2140 1234 2189 veritatem,
1267 2152 1356 2178 non
1394 2137 1519 2190 potui

113 2218 288 2272 assequi
329 2215 660 2269 cognitionem:
693 2211 826 2260 aliud,
859 2224 947 2250 non
990 2209 1199 2262 imputari
1241 2210 1296 2250 ad
1343 2207 1518 2260 culpam

160 2377 272 2408 ¹Vid.
302 2386 367 2416 v.g.
397 2375 432 2405 S.
464 2373 582 2414 Alph,
604 2371 680 2403 Lib
712 2371 734 2402 i.
758 2371 870 2402 Traet.
903 2378 931 2401 1.
988 2370 1041 2400 De
1074 2368 1288 2404 Conscientia,
1319 2377 1374 2397 nn.
1399 2365 1519 2405 26-39;

115 2422 220 2461 Gury,
241 2421 329 2451 Part.
347 2419 369 2451 i
387 2428 445 2449 nn.
463 2423 518 2457 75-
524 2423 575 2456 77.

159 2465 173 2484 2
196 2463 373 2501 Gonzalez,
391 2461 660 2493 Fundamentum
686 2458 867 2498 Theologzae
881 2457 1034 2494 Moralis,
1054 2456 1144 2487 Diss.
1163 2462 1193 2494 7,
1213 2460 1291 2486 5.ect
1311 2453 1353 2484 xi

161 2508 175 2529 ³
198 2508 278 2539 Vid.
294 2517 364 2548 v..g
380 2508 412 2538 S.
434 2504 540 2545 Alph.
560 2508 591 2534 et
609 2503 713 2543 Gury,
724 2502 813 2533 ibid.
