1716 2729
660 97 712 137 de
730 95 912 137 Actibus
932 91 1174 133 Humanis.
1538 87 1592 127 26
1601 97 1616 126 1

217 212 370 247 omnino
401 218 518 246 cesset
547 211 640 255 legis
669 211 875 254 obligatio;
902 209 949 244 de
976 218 1049 252 quo
1076 206 1263 250 agendum
1290 204 1358 238 erit
1385 203 1421 237 in
1441 203 1620 236 Tractatu

216 261 260 294 de
285 259 473 305 Legibus:
498 270 542 293 ac
573 257 614 292 2⁰
644 258 790 292 etiamsi
821 257 914 301 legis
944 254 1123 298 obligatio
1150 258 1313 289 maneat,
1340 257 1465 285 tamen
1498 248 1623 293 aliqua

217 308 349 342 saltem
379 305 489 340 venia
519 306 653 350 dignus
683 312 739 340 est
770 305 831 350 qui
862 305 983 348 legem
1011 313 1087 335 non
1120 298 1414 341 transgrediatur
1431 295 1501 330 nisi
1520 302 1623 329 metu

217 360 372 399 urgente
389 366 397 389 :
423 353 470 387 de
489 365 562 398 quo
579 352 640 387 hic
658 353 847 397 agendum
865 358 931 385 est.
956 347 1162 393 [334-336-]
1216 348 1302 380 Huc
1321 344 1431 389 igitur
1446 348 1601 388 spectat.

267 433 526 466 PRINCIPIUM
555 432 619 464 IV.
649 430 753 475 Quae
778 441 826 464 ex
849 431 948 462 melu
970 427 1089 471 fiunt,
1117 425 1269 459 etiamsi
1294 424 1373 456 sim‘
1405 420 1624 466 simpliciter

217 479 436 521 voluntaria,
448 479 672 523 plerumque
688 481 779 511 sunt
796 474 1045 511 involuntaria
1063 472 1268 507 secundum
1288 469 1387 514 quid.

266 544 448 589 Exposito
467 552 578 577 sensu
597 551 670 584 quo
687 540 749 574 hic
775 539 932 574 sumitur
955 536 1095 572 locutio
1121 535 1382 570 voluntarium
1408 531 1630 576 simpliciter

218 591 311 637 (quo
330 591 481 637 quidem
499 587 730 633 significatur
747 599 826 621 rem
844 597 927 621 esse
944 586 988 619 ‹le
1000 585 1108 630 facto
1126 581 1312 621 vomam),
1338 578 1561 624 principium
1581 589 1627 611 ex

217 650 263 673 eo
281 639 559 673 demonstratur
575 635 676 680 quod
695 646 740 668 ea
757 645 853 679 quae
871 644 915 667 ex
942 638 1043 666 metu
1070 631 1161 664 fiunt
1187 630 1406 674 plerumque
1426 625 1627 669 inspiciun-

218 693 277 721 tur
294 693 332 721 ut
351 687 463 728 mala,
483 683 579 718 adeo
604 689 644 716 ut
663 682 835 716 voluntas
854 692 900 714 ea
925 679 1051 724 aliquo
1079 677 1193 711 modo
1219 681 1411 710 aversetur
1440 683 1563 717 neque
1581 682 1627 706 ea

216 734 468 778 vamplectatur
485 730 556 765 nisi
574 735 728 774 propter
745 735 899 762 metum.
928 723 1135 772 [337-339.]

268 783 328 815 De
345 780 531 815 axiomate
550 788 623 822 quo
637 776 772 810 dicitur
782 782 922 810 metum
940 784 1095 808 causare
1107 770 1412 805 involuntarium
1429 766 1631 801 secundum

217 829 321 875 quid,
350 826 517 862 notanda
546 830 631 859 sunt
659 824 715 867 (a)
747 823 847 857 istud
874 821 1177 856 involuntarium
1205 816 1405 852 secundum
1435 814 1530 859 quid
1555 823 1632 846 non

218 876 415 923 provenire
433 885 477 908 ex
495 879 608 912 metu,
622 871 688 905 sed
707 882 750 905 ex
768 881 896 904 amore
913 868 1003 903 boni
1021 865 1195 911 oppositi,
1214 871 1253 899 ut
1270 874 1340 907 v.g.
1360 862 1396 896 in
1422 866 1632 895 mercatore

220 935 364 958 merces
392 920 611 967 projiciente
642 930 650 959 ς
678 917 803 962 itaque
837 916 894 959 (b)
923 915 1000 950 fieri
1031 925 1142 959 posse
1168 919 1207 947 ut
1237 918 1342 945 actus
1368 921 1413 943 ex
1432 915 1533 942 metu
1553 907 1630 947 fiat,

219 970 374 1005 omnino
408 975 536 1003 tamen
570 967 618 1000 ab
652 965 724 999 ista
758 962 1085 998 involuntarietate
1120 958 1296 994 immunis
1321 970 1328 998 ;
1367 956 1483 990 inimo
1517 954 1632 988 etiam

220 1017 266 1062 (c)
293 1017 370 1051 fieri
388 1026 501 1061 posse
517 1020 558 1049 ut
575 1018 698 1047 metus
716 1012 839 1046 valeat
857 1008 1223 1044 involuntarietatem
1242 1006 1352 1040 istam
1371 1004 1512 1045 tollere,
1531 1000 1633 1046 quod

220 1065 260 1100 fit
278 1076 392 1110 quum
411 1061 584 1098 contritio
602 1059 746 1094 elicitur
764 1071 808 1093 ex
825 1064 927 1092 metu
945 1057 1154 1101 gehennae.
1188 1051 1391 1097 [340-342.]

272 1133 315 1166 In
342 1132 414 1166 hoc
433 1131 611 1163 Tractatu
630 1137 705 1160 non
732 1123 854 1169 agitur
878 1121 950 1157 nisi
969 1121 1016 1156 de
1036 1131 1110 1155 una
1128 1126 1164 1154 et
1183 1119 1301 1153 altera
1321 1129 1366 1151 ex
1385 1113 1632 1150 divisionibus

220 1190 334 1225 supra
351 1176 509 1213 traditis.
544 1173 659 1221 [343]

632 1288 649 1340 ξ
683 1302 721 1335 4.
752 1289 815 1325 De
854 1287 903 1324 Vi
928 1298 991 1323 seu
1031 1282 1230 1322 Violentia.

272 1386 433 1430 QUAER.
457 1385 502 1416 10.
532 1381 638 1426 Quid
649 1380 701 1413 sit
717 1379 778 1412 vis
793 1388 858 1411 seu
875 1376 1056 1410 violentia
1071 1375 1090 1408 .?

271 1451 393 1484 RESP.
408 1449 478 1482 Est
495 1447 672 1492 impulsio
685 1445 729 1478 ab
740 1444 941 1478 exlrinscco
952 1441 1072 1483 illata,
1086 1450 1213 1485 cogens
1226 1437 1281 1471 aa'
1288 1435 1440 1481 aliquid
1448 1434 1635 1480 agendmm

227 1496 540 1542 autpatiendzcm,
558 1497 686 1528 contra
704 1491 983 1526 inclimzlionem
999 1488 1081 1533 ejus
1097 1488 1160 1521 cui
1175 1487 1235 1520 vis
1252 1484 1427 1530 insertur.
1457 1483 1562 1526 Quae
1582 1480 1636 1515 sic

228 1546 334 1585 fiunt,
364 1543 538 1578 dicuntur
569 1541 743 1575 violenta.
809 1537 992 1571 Violentia
1021 1542 1058 1568 et
1087 1534 1224 1568 coaclio
1242 1530 1420 1574 distingui
1450 1530 1572 1563 solent
1597 1534 1637 1562 ut

228 1603 348 1637 genus
366 1597 402 1625 et
421 1588 579 1635 species,
597 1588 693 1622 adeo
712 1592 750 1620 ut
769 1585 905 1619 coactio
936 1583 990 1626 (et
1017 1579 1196 1621 coaclzmz)
1228 1590 1303 1613 non
1331 1578 1476 1612 dicatur
1501 1575 1572 1609 nisi
1592 1576 1639 1610 de

224 1646 361 1685 agente
379 1637 556 1672 animato.
588 1636 631 1669 In
650 1635 828 1668 Tractatu
847 1631 890 1665 dc
906 1630 1065 1665 Actibus
1082 1628 1289 1667 Humanis,
1303 1625 1437 1660 eodem
1455 1623 1637 1658 recidunt.

229 1684 436 1732 [344-345]

275 1763 436 1807 QUAER.
457 1759 508 1794 2⁰.
539 1758 732 1804 Quaenam
750 1755 974 1790 conditiones
990 1752 1044 1786 ad
1065 1750 1269 1785 violentum
1288 1749 1536 1793 reqm'ranlztr
1548 1748 1566 1781 .?

275 1832 395 1864 RESP.
421 1830 539 1862 Tres:
565 1832 598 1859 1⁰
616 1833 654 1860 ut
681 1824 736 1858 vis
764 1823 941 1858 inferatur
968 1831 990 1854 a
1017 1818 1200 1864 principio
1226 1818 1458 1856 e.1‘lrz'725eco,·
1485 1825 1523 1854 20
1540 1821 1579 1849 ut
1606 1814 1637 1848 is

227 1878 286 1913 cui
317 1877 495 1911 inferatur
521 1873 615 1909 nihil
642 1872 822 1910 conferat,
839 1881 887 1904 ne
907 1867 1068 1903 volendo
1087 1866 1239 1911 quidem
1257 1863 1334 1908 pati
1353 1876 1360 1904 ;
1388 1869 1426 1906 30
1451 1869 1490 1896 ut
1509 1868 1640 1896 contra

227 1924 396 1967 obsistat,
411 1923 441 1957 si
453 1933 529 1956 non
548 1920 758 1959 actualiter,
777 1918 911 1952 saltem
937 1914 1230 1959 interpretativa
1260 1912 1294 1945 N
1301 1922 1342 1944 ec
1361 1911 1496 1944 desunt
1515 1908 1576 1954 qui
1603 1907 1641 1949 4⁰

229 1973 382 2016 insuper
409 1970 495 2014 (sed
513 1968 640 2013 gratis,
659 1973 694 2001 et
714 1965 868 2000 omnino
887 1970 1018 1997 contra
1044 1960 1095 1994 rei
1114 1958 1329 2000 veritatem)
1357 1957 1508 2001 exigant
1526 1963 1565 1990 ut
1583 1955 1639 1989 vis

229 2020 407 2054 inferatur
436 2028 458 2051 a
476 2027 590 2050 causa
607 2014 736 2048 libera.
765 2010 884 2056 [346]
936 2010 989 2044 Ut
1020 2007 1119 2042 adsit
1154 2013 1193 2050 3³⁶
1220 2004 1396 2047 conditio,
1421 2006 1495 2048 per
1509 2014 1546 2036 se
1562 2013 1639 2036 non

230 2065 428 2111 requiritur
458 2070 496 2098 ut
531 2062 573 2106 is,
609 2060 671 2106 qui
705 2059 780 2094 vim
815 2057 964 2103 patitur,
998 2059 1158 2096 externe,
1194 2065 1259 2087 scu
1290 2052 1429 2085 viribus
1464 2049 1643 2094 corporis,

230 2113 392 2152 resistat,
411 2110 483 2144 nisi
503 2109 557 2143 vis
576 2106 759 2153 ejusmodi
779 2112 834 2140 est
854 2111 892 2138 ut
910 2102 1119 2137 resistendo
1146 2100 1265 2145 possit
1287 2110 1370 2133 eam
1396 2107 1641 2141 exsuperaret,

224 2163 297 2206 per
321 2159 486 2193 accidens
515 2167 603 2190 vero
634 2155 705 2188 hoc
725 2151 921 2198 requiritur
947 2156 1128 2195 quantum
1154 2158 1309 2182 necesse
1328 2152 1384 2180 est
1410 2145 1458 2179 ad
1488 2154 1640 2188 praeca-

230 2207 394 2242 vendum
412 2204 617 2250 periculum
638 2199 819 2240 scandali,
845 2208 1052 2233 consensus
1071 2196 1108 2230 in
1135 2206 1181 2229 ea
1207 2205 1302 2239 quae
1321 2193 1425 2233 fiunt,
1453 2198 1537 2235 etc.,
1567 2197 1636 2225 etc.

230 2252 344 2300 [347]

281 2329 442 2373 QUAER.
471 2334 518 2369 30.
549 2323 737 2369 Quomodo
754 2321 933 2366 a'zffi'rant
947 2320 1008 2353 vis
1024 2321 1060 2352 et
1075 2320 1193 2351 melus
1205 2316 1224 2349 .?

280 2397 400 2429 RESP.
427 2393 564 2427 Tribus
583 2390 726 2426 modis:
753 2389 893 2424 etenim
923 2398 958 2422 10
983 2387 1038 2421 vis
1064 2392 1121 2420 est
1139 2383 1346 2429 compulsio
1365 2383 1412 2416 ab
1431 2381 1640 2415 extrinseco

233 2444 346 2486 illata,
372 2452 468 2486 quae
498 2439 536 2473 in
570 2438 738 2473 animum
766 2448 842 2471 non
872 2435 974 2480 agit;
1001 2440 1039 2468 20
1064 2433 1119 2467 vis
1150 2443 1224 2466 non
1254 2430 1330 2475 agit
1360 2429 1431 2464 nisi
1460 2427 1640 2473 quamdiu

233 2490 357 2534 reipsa
375 2488 529 2522 infertur
545 2496 552 2524 3
582 2491 621 2529 30
646 2496 742 2531 quae
761 2484 852 2518 fiunt
871 2483 905 2517 vi
925 2487 1083 2526 cogente
1102 2487 1187 2514 sunt
1205 2478 1359 2512 omnino
1378 2474 1630 2511 involuntaria

235 2535 350 2582 [348]
