<?xml version="1.0" encoding="UTF-8"?>
<!DOCTYPE html PUBLIC "-//W3C//DTD XHTML 1.0 Transitional//EN"
    "http://www.w3.org/TR/xhtml1/DTD/xhtml1-transitional.dtd">
<html xmlns="http://www.w3.org/1999/xhtml" xml:lang="en" lang="en">
 <head>
  <title>
</title>
<meta http-equiv="Content-Type" content="text/html;charset=utf-8" />
  <meta name='ocr-system' content='tesseract 3.04.00' />
  <meta name='ocr-capabilities' content='ocr_page ocr_carea ocr_par ocr_line ocrx_word'/>
</head>
<body>
  <div class='ocr_page' id='page_1' title='image "./tractatusdeactib00wals_0047.png"; bbox 0 0 1716 2729; ppageno 0'>
   <div class='ocr_carea' id='block_1_1' title="bbox 116 49 1506 104">
    <p class='ocr_par' dir='ltr' id='par_1_1' title="bbox 116 49 1506 104">
     <span class='ocr_line' id='line_1_1' title="bbox 116 49 1506 104; baseline 0.001 -14"><span class='ocrx_word' id='word_1_1' title='bbox 116 63 156 91; x_wconf 85' lang='lat' dir='ltr'><strong>n.</strong></span> <span class='ocrx_word' id='word_1_2' title='bbox 176 49 235 104; x_wconf 88' lang='grc'><strong>6.]</strong></span> <span class='ocrx_word' id='word_1_3' title='bbox 540 50 590 91; x_wconf 87' lang='lat' dir='ltr'><strong>de</strong></span> <span class='ocrx_word' id='word_1_4' title='bbox 609 49 791 91; x_wconf 82' lang='lat' dir='ltr'><strong>Actibus</strong></span> <span class='ocrx_word' id='word_1_5' title='bbox 811 50 1047 90; x_wconf 82' lang='lat' dir='ltr'><em>Humanis.</em></span> <span class='ocrx_word' id='word_1_6' title='bbox 1458 60 1506 101; x_wconf 87' lang='lat'><strong>31</strong></span> 
     </span>
    </p>
   </div>
   <div class='ocr_carea' id='block_1_2' title="bbox 102 164 1510 2124">
    <p class='ocr_par' dir='ltr' id='par_1_2' title="bbox 110 164 1510 764">
     <span class='ocr_line' id='line_1_2' title="bbox 115 164 1509 216; baseline -0.001 -11"><span class='ocrx_word' id='word_1_7' title='bbox 115 171 392 206; x_wconf 89' lang='lat' dir='ltr'><strong>sacramento</strong></span> <span class='ocrx_word' id='word_1_8' title='bbox 410 171 637 206; x_wconf 84' lang='lat' dir='ltr'><strong>extremae</strong></span> <span class='ocrx_word' id='word_1_9' title='bbox 653 165 885 214; x_wconf 87' lang='lat' dir='ltr'><strong>unctionis,</strong></span> <span class='ocrx_word' id='word_1_10' title='bbox 902 164 1109 214; x_wconf 89' lang='lat' dir='ltr'><strong>sufficere,</strong></span> <span class='ocrx_word' id='word_1_11' title='bbox 1131 165 1312 205; x_wconf 85' lang='lat' dir='ltr'><strong>tradunt</strong></span> <span class='ocrx_word' id='word_1_12' title='bbox 1328 164 1509 216; x_wconf 82' lang='lat' dir='ltr'><strong>quidam</strong></span> 
     </span>
     <span class='ocr_line' id='line_1_3' title="bbox 115 231 1510 284; baseline -0.001 -12"><span class='ocrx_word' id='word_1_13' title='bbox 115 231 238 273; x_wconf 79' lang='grc' dir='ltr'><strong>ΑΑ.1</strong></span> <span class='ocrx_word' id='word_1_14' title='bbox 296 232 361 275; x_wconf 93' lang='lat' dir='ltr'><strong>At</strong></span> <span class='ocrx_word' id='word_1_15' title='bbox 381 247 483 274; x_wconf 88' lang='lat' dir='ltr'><strong>vero</strong></span> <span class='ocrx_word' id='word_1_16' title='bbox 505 247 563 274; x_wconf 80' lang='lat' dir='ltr'><strong>ex</strong></span> <span class='ocrx_word' id='word_1_17' title='bbox 585 232 841 273; x_wconf 87' lang='lat' dir='ltr'><strong>definitione</strong></span> <span class='ocrx_word' id='word_1_18' title='bbox 863 246 903 272; x_wconf 86' lang='lat' dir='ltr'><strong>n.</strong></span> <span class='ocrx_word' id='word_1_19' title='bbox 939 233 1007 284; x_wconf 84' lang='lat'><strong>83.</strong></span> <span class='ocrx_word' id='word_1_20' title='bbox 1037 231 1199 272; x_wconf 87' lang='lat' dir='ltr'><strong>tradita</strong></span> <span class='ocrx_word' id='word_1_21' title='bbox 1230 238 1403 272; x_wconf 84' lang='lat' dir='ltr'><strong>constat</strong></span> <span class='ocrx_word' id='word_1_22' title='bbox 1435 246 1510 271; x_wconf 87' lang='lat' dir='ltr'><strong>eos</strong></span> 
     </span>
     <span class='ocr_line' id='line_1_4' title="bbox 114 299 1509 352; baseline -0.004 -9"><span class='ocrx_word' id='word_1_23' title='bbox 114 303 257 342; x_wconf 90' lang='lat' dir='ltr'><strong>minus</strong></span> <span class='ocrx_word' id='word_1_24' title='bbox 298 308 500 343; x_wconf 83' lang='lat' dir='ltr'><strong>accurate</strong></span> <span class='ocrx_word' id='word_1_25' title='bbox 534 301 704 341; x_wconf 86' lang='lat' dir='ltr'><strong>locutos</strong></span> <span class='ocrx_word' id='word_1_26' title='bbox 734 314 859 350; x_wconf 81' lang='lat' dir='ltr'><strong>esse3</strong></span> <span class='ocrx_word' id='word_1_27' title='bbox 902 313 1044 352; x_wconf 91' lang='lat' dir='ltr'><strong>neque</strong></span> <span class='ocrx_word' id='word_1_28' title='bbox 1079 299 1195 339; x_wconf 84' lang='lat' dir='ltr'><strong>enim</strong></span> <span class='ocrx_word' id='word_1_29' title='bbox 1230 299 1348 338; x_wconf 86' lang='lat' dir='ltr'><strong>istud</strong></span> <span class='ocrx_word' id='word_1_30' title='bbox 1380 299 1509 338; x_wconf 81' lang='lat' dir='ltr'><strong>inter-</strong></span> 
     </span>
     <span class='ocr_line' id='line_1_5' title="bbox 112 366 1508 422; baseline -0.004 -11"><span class='ocrx_word' id='word_1_31' title='bbox 112 370 372 411; x_wconf 71' lang='lat' dir='ltr'><strong>oretativmn</strong></span> <span class='ocrx_word' id='word_1_32' title='bbox 394 369 537 422; x_wconf 84' lang='lat' dir='ltr'><strong>reipsa</strong></span> <span class='ocrx_word' id='word_1_33' title='bbox 557 368 853 409; x_wconf 83' lang='lat' dir='ltr'><strong>voluntarium</strong></span> <span class='ocrx_word' id='word_1_34' title='bbox 887 374 962 408; x_wconf 84' lang='lat' dir='ltr'><strong>est.</strong></span> <span class='ocrx_word' id='word_1_35' title='bbox 1027 366 1162 420; x_wconf 80' lang='lat' dir='ltr'><strong>Quod</strong></span> <span class='ocrx_word' id='word_1_36' title='bbox 1194 379 1297 406; x_wconf 89' lang='lat' dir='ltr'><strong>vero</strong></span> <span class='ocrx_word' id='word_1_37' title='bbox 1330 366 1385 405; x_wconf 88' lang='lat' dir='ltr'><strong>ad</strong></span> <span class='ocrx_word' id='word_1_38' title='bbox 1418 379 1508 406; x_wconf 91' lang='lat' dir='ltr'><strong>rem</strong></span> 
     </span>
     <span class='ocr_line' id='line_1_6' title="bbox 112 433 1508 490; baseline -0.004 -12"><span class='ocrx_word' id='word_1_39' title='bbox 112 438 282 488; x_wconf 80' lang='lat' dir='ltr'><strong>attinet,</strong></span> <span class='ocrx_word' id='word_1_40' title='bbox 304 437 411 477; x_wconf 89' lang='lat' dir='ltr'><strong>nihil</strong></span> <span class='ocrx_word' id='word_1_41' title='bbox 433 442 579 490; x_wconf 88' lang='lat' dir='ltr'><strong>potest</strong></span> <span class='ocrx_word' id='word_1_42' title='bbox 603 436 871 476; x_wconf 87' lang='lat' dir='ltr'><strong>incommodi</strong></span> <span class='ocrx_word' id='word_1_43' title='bbox 903 435 1003 476; x_wconf 90' lang='lat' dir='ltr'><strong>oriri</strong></span> <span class='ocrx_word' id='word_1_44' title='bbox 1036 449 1094 475; x_wconf 86' lang='lat' dir='ltr'><strong>ex</strong></span> <span class='ocrx_word' id='word_1_45' title='bbox 1126 447 1277 474; x_wconf 91' lang='lat' dir='ltr'><strong>eorum</strong></span> <span class='ocrx_word' id='word_1_46' title='bbox 1300 433 1508 486; x_wconf 89' lang='lat' dir='ltr'><strong>loquendi</strong></span> 
     </span>
     <span class='ocr_line' id='line_1_7' title="bbox 113 501 1507 556; baseline -0.004 -10"><span class='ocrx_word' id='word_1_47' title='bbox 113 507 273 546; x_wconf 92' lang='lat' dir='ltr'><strong>modo:</strong></span> <span class='ocrx_word' id='word_1_48' title='bbox 306 505 482 554; x_wconf 88' lang='lat' dir='ltr'><strong>etenim,</strong></span> <span class='ocrx_word' id='word_1_49' title='bbox 505 511 553 545; x_wconf 92' lang='lat' dir='ltr'><strong>ut</strong></span> <span class='ocrx_word' id='word_1_50' title='bbox 570 518 627 544; x_wconf 86' lang='lat' dir='ltr'><strong>ex</strong></span> <span class='ocrx_word' id='word_1_51' title='bbox 647 503 741 556; x_wconf 89' lang='lat' dir='ltr'><strong>jam</strong></span> <span class='ocrx_word' id='word_1_52' title='bbox 778 504 907 544; x_wconf 87' lang='lat' dir='ltr'><strong>dictis</strong></span> <span class='ocrx_word' id='word_1_53' title='bbox 941 508 1128 552; x_wconf 87' lang='lat' dir='ltr'><strong>constat,</strong></span> <span class='ocrx_word' id='word_1_54' title='bbox 1163 502 1368 543; x_wconf 86' lang='lat' dir='ltr'><strong>voluntas</strong></span> <span class='ocrx_word' id='word_1_55' title='bbox 1389 501 1507 541; x_wconf 81' lang='lat' dir='ltr'><strong>liabi-</strong></span> 
     </span>
     <span class='ocr_line' id='line_1_8' title="bbox 110 570 1510 626; baseline -0.003 -13"><span class='ocrx_word' id='word_1_56' title='bbox 110 573 245 614; x_wconf 84' lang='lat' dir='ltr'><strong>tualis</strong></span> <span class='ocrx_word' id='word_1_57' title='bbox 274 573 431 613; x_wconf 89' lang='lat' dir='ltr'><strong>saltem</strong></span> <span class='ocrx_word' id='word_1_58' title='bbox 456 572 675 626; x_wconf 79' lang='lat' dir='ltr'><strong>implicita,</strong></span> <span class='ocrx_word' id='word_1_59' title='bbox 697 586 808 626; x_wconf 87' lang='lat' dir='ltr'><strong>quae</strong></span> <span class='ocrx_word' id='word_1_60' title='bbox 830 572 900 612; x_wconf 91' lang='lat' dir='ltr'><strong>hic</strong></span> <span class='ocrx_word' id='word_1_61' title='bbox 931 572 1113 612; x_wconf 89' lang='lat' dir='ltr'><strong>omnino</strong></span> <span class='ocrx_word' id='word_1_62' title='bbox 1144 570 1314 620; x_wconf 86' lang='lat' dir='ltr'><strong>sufficit,</strong></span> <span class='ocrx_word' id='word_1_63' title='bbox 1336 583 1510 623; x_wconf 86' lang='lat' dir='ltr'><strong>semper</strong></span> 
     </span>
     <span class='ocr_line' id='line_1_9' title="bbox 111 638 1507 695; baseline -0.002 -14"><span class='ocrx_word' id='word_1_64' title='bbox 111 641 236 682; x_wconf 86' lang='lat' dir='ltr'><strong>adest</strong></span> <span class='ocrx_word' id='word_1_65' title='bbox 267 641 439 695; x_wconf 90' lang='lat' dir='ltr'><strong>quoties</strong></span> <span class='ocrx_word' id='word_1_66' title='bbox 462 640 758 681; x_wconf 85' lang='lat' dir='ltr'><strong>voluntarium</strong></span> <span class='ocrx_word' id='word_1_67' title='bbox 781 640 899 681; x_wconf 87' lang='lat' dir='ltr'><strong>istud</strong></span> <span class='ocrx_word' id='word_1_68' title='bbox 933 640 1306 693; x_wconf 76' lang='lat' dir='ltr'><strong>interpretativum</strong></span> <span class='ocrx_word' id='word_1_69' title='bbox 1343 638 1507 680; x_wconf 89' lang='lat' dir='ltr'><strong>censeri</strong></span> 
     </span>
     <span class='ocr_line' id='line_1_10' title="bbox 110 710 450 764; baseline 0 -14"><span class='ocrx_word' id='word_1_70' title='bbox 110 715 258 764; x_wconf 88' lang='lat' dir='ltr'><strong>potest</strong></span> <span class='ocrx_word' id='word_1_71' title='bbox 278 710 450 750; x_wconf 83' lang='lat' dir='ltr'><strong>adesse.</strong></span> 
     </span>
    </p>

    <p class='ocr_par' dir='ltr' id='par_1_3' title="bbox 102 775 1509 1374">
     <span class='ocr_line' id='line_1_11' title="bbox 168 775 1509 831; baseline -0.002 -13"><span class='ocrx_word' id='word_1_72' title='bbox 168 782 212 831; x_wconf 89' lang='lat'><strong>70</strong></span> <span class='ocrx_word' id='word_1_73' title='bbox 254 777 387 831; x_wconf 77' lang='lat' dir='ltr'><strong>Quod</strong></span> <span class='ocrx_word' id='word_1_74' title='bbox 437 777 472 816; x_wconf 89' lang='lat' dir='ltr'><strong>si</strong></span> <span class='ocrx_word' id='word_1_75' title='bbox 504 790 650 817; x_wconf 89' lang='lat' dir='ltr'><strong>sermo</strong></span> <span class='ocrx_word' id='word_1_76' title='bbox 691 777 747 817; x_wconf 87' lang='lat' dir='ltr'><strong>sit</strong></span> <span class='ocrx_word' id='word_1_77' title='bbox 797 777 853 817; x_wconf 90' lang='lat' dir='ltr'><strong>de</strong></span> <span class='ocrx_word' id='word_1_78' title='bbox 893 776 1142 817; x_wconf 81' lang='lat' dir='ltr'><strong>voluntario</strong></span> <span class='ocrx_word' id='word_1_79' title='bbox 1189 775 1509 828; x_wconf 81' lang='lat' dir='ltr'><strong>interpretativo</strong></span> 
     </span>
     <span class='ocr_line' id='line_1_12' title="bbox 111 843 1506 899; baseline -0.001 -13"><span class='ocrx_word' id='word_1_80' title='bbox 111 846 297 887; x_wconf 83' lang='lat' dir='ltr'><strong>absoluto</strong></span> <span class='ocrx_word' id='word_1_81' title='bbox 319 846 377 899; x_wconf 85' lang='lat' dir='ltr'><strong>(n.</strong></span> <span class='ocrx_word' id='word_1_82' title='bbox 400 843 517 899; x_wconf 81' lang='lat'>84.),2</span> <span class='ocrx_word' id='word_1_83' title='bbox 551 845 734 886; x_wconf 87' lang='lat' dir='ltr'><strong>omnino</strong></span> <span class='ocrx_word' id='word_1_84' title='bbox 765 845 1053 885; x_wconf 88' lang='lat' dir='ltr'><strong>statuendum</strong></span> <span class='ocrx_word' id='word_1_85' title='bbox 1088 850 1155 885; x_wconf 90' lang='lat' dir='ltr'><strong>est</strong></span> <span class='ocrx_word' id='word_1_86' title='bbox 1177 844 1285 885; x_wconf 90' lang='lat' dir='ltr'><strong>illud</strong></span> <span class='ocrx_word' id='word_1_87' title='bbox 1307 843 1506 885; x_wconf 83' lang='lat' dir='ltr'><strong>sufficere</strong></span> 
     </span>
     <span class='ocr_line' id='line_1_13' title="bbox 110 912 1504 967; baseline -0.001 -13"><span class='ocrx_word' id='word_1_88' title='bbox 110 920 158 954; x_wconf 89' lang='lat' dir='ltr'><strong>ut</strong></span> <span class='ocrx_word' id='word_1_89' title='bbox 180 914 459 955; x_wconf 87' lang='lat' dir='ltr'><strong>conferantur</strong></span> <span class='ocrx_word' id='word_1_90' title='bbox 471 920 746 954; x_wconf 88' lang='lat' dir='ltr'><strong>sacramenta</strong></span> <span class='ocrx_word' id='word_1_91' title='bbox 767 914 999 967; x_wconf 81' lang='lat' dir='ltr'><strong>quaedam,</strong></span> <span class='ocrx_word' id='word_1_92' title='bbox 1020 927 1098 966; x_wconf 74' lang='lat' dir='ltr'><strong>vg.</strong></span> <span class='ocrx_word' id='word_1_93' title='bbox 1122 919 1324 953; x_wconf 86' lang='lat' dir='ltr'><strong>extrema</strong></span> <span class='ocrx_word' id='word_1_94' title='bbox 1341 912 1504 953; x_wconf 88' lang='lat' dir='ltr'><strong>unctio.</strong></span> 
     </span>
     <span class='ocr_line' id='line_1_14' title="bbox 111 981 1505 1035; baseline -0.001 -13"><span class='ocrx_word' id='word_1_95' title='bbox 111 981 163 1022; x_wconf 93' lang='lat' dir='ltr'><strong>Id</strong></span> <span class='ocrx_word' id='word_1_96' title='bbox 187 988 335 1022; x_wconf 87' lang='lat' dir='ltr'><strong>tamen</strong></span> <span class='ocrx_word' id='word_1_97' title='bbox 359 996 411 1022; x_wconf 90' lang='lat' dir='ltr'><strong>eo</strong></span> <span class='ocrx_word' id='word_1_98' title='bbox 433 995 563 1022; x_wconf 88' lang='lat' dir='ltr'><strong>sensu</strong></span> <span class='ocrx_word' id='word_1_99' title='bbox 586 981 922 1034; x_wconf 84' lang='lat' dir='ltr'><strong>intelligendum</strong></span> <span class='ocrx_word' id='word_1_100' title='bbox 940 987 1019 1031; x_wconf 87' lang='lat' dir='ltr'><strong>est,</strong></span> <span class='ocrx_word' id='word_1_101' title='bbox 1041 981 1160 1035; x_wconf 87' lang='lat' dir='ltr'><strong>quod</strong></span> <span class='ocrx_word' id='word_1_102' title='bbox 1183 987 1505 1021; x_wconf 86' lang='lat' dir='ltr'><strong>sacramentum</strong></span> 
     </span>
     <span class='ocr_line' id='line_1_15' title="bbox 108 1049 1507 1103; baseline 0 -14"><span class='ocrx_word' id='word_1_103' title='bbox 108 1049 226 1089; x_wconf 84' lang='lat' dir='ltr'><strong>debet</strong></span> <span class='ocrx_word' id='word_1_104' title='bbox 262 1049 451 1102; x_wconf 86' lang='lat' dir='ltr'><strong>conferri</strong></span> <span class='ocrx_word' id='word_1_105' title='bbox 478 1050 528 1089; x_wconf 86' lang='lat' dir='ltr'><strong>iis</strong></span> <span class='ocrx_word' id='word_1_106' title='bbox 579 1063 766 1103; x_wconf 91' lang='lat' dir='ltr'><strong>quorum</strong></span> <span class='ocrx_word' id='word_1_107' title='bbox 817 1049 1021 1090; x_wconf 84' lang='lat' dir='ltr'><strong>voluntas</strong></span> <span class='ocrx_word' id='word_1_108' title='bbox 1062 1049 1328 1102; x_wconf 89' lang='lat' dir='ltr'><strong>suscipiendi</strong></span> <span class='ocrx_word' id='word_1_109' title='bbox 1369 1049 1507 1102; x_wconf 86' lang='lat' dir='ltr'><strong>possit</strong></span> 
     </span>
     <span class='ocr_line' id='line_1_16' title="bbox 109 1117 1504 1171; baseline 0 -14"><span class='ocrx_word' id='word_1_110' title='bbox 109 1118 347 1170; x_wconf 89' lang='lat' dir='ltr'><strong>prudenter</strong></span> <span class='ocrx_word' id='word_1_111' title='bbox 379 1118 440 1159; x_wconf 88' lang='lat' dir='ltr'><strong>sic</strong></span> <span class='ocrx_word' id='word_1_112' title='bbox 472 1118 723 1171; x_wconf 82' lang='lat' dir='ltr'><strong>praesumi;</strong></span> <span class='ocrx_word' id='word_1_113' title='bbox 756 1132 870 1171; x_wconf 82' lang='lat' dir='ltr'><strong>quae</strong></span> <span class='ocrx_word' id='word_1_114' title='bbox 906 1123 1055 1158; x_wconf 86' lang='lat' dir='ltr'><strong>tamen</strong></span> <span class='ocrx_word' id='word_1_115' title='bbox 1092 1117 1313 1166; x_wconf 82' lang='lat' dir='ltr'><strong>voluntas,</strong></span> <span class='ocrx_word' id='word_1_116' title='bbox 1348 1117 1504 1157; x_wconf 90' lang='lat' dir='ltr'><strong>saltem</strong></span> 
     </span>
     <span class='ocr_line' id='line_1_17' title="bbox 108 1184 1505 1238; baseline -0.001 -12"><span class='ocrx_word' id='word_1_117' title='bbox 108 1184 344 1226; x_wconf 74' lang='lat' dir='ltr'><strong>habitualis</strong></span> <span class='ocrx_word' id='word_1_118' title='bbox 364 1185 438 1225; x_wconf 85' lang='lat' dir='ltr'><strong>illa</strong></span> <span class='ocrx_word' id='word_1_119' title='bbox 474 1185 691 1238; x_wconf 75' lang='lat' dir='ltr'><strong>implicita,</strong></span> <span class='ocrx_word' id='word_1_120' title='bbox 728 1185 811 1226; x_wconf 87' lang='lat' dir='ltr'><strong>nisi</strong></span> <span class='ocrx_word' id='word_1_121' title='bbox 845 1186 989 1238; x_wconf 86' lang='lat' dir='ltr'><strong>reipsa</strong></span> <span class='ocrx_word' id='word_1_122' title='bbox 1019 1185 1147 1234; x_wconf 87' lang='lat' dir='ltr'><strong>adsit,</strong></span> <span class='ocrx_word' id='word_1_123' title='bbox 1170 1191 1505 1232; x_wconf 87' lang='lat' dir='ltr'><strong>sacramentum,</strong></span> 
     </span>
     <span class='ocr_line' id='line_1_18' title="bbox 111 1252 1504 1305; baseline -0.001 -11"><span class='ocrx_word' id='word_1_124' title='bbox 111 1254 191 1294; x_wconf 82' lang='lat' dir='ltr'><strong>etsi</strong></span> <span class='ocrx_word' id='word_1_125' title='bbox 212 1254 293 1295; x_wconf 88' lang='lat' dir='ltr'><strong>rite</strong></span> <span class='ocrx_word' id='word_1_126' title='bbox 315 1268 340 1294; x_wconf 89' lang='lat' dir='ltr'><strong>a</strong></span> <span class='ocrx_word' id='word_1_127' title='bbox 361 1254 561 1295; x_wconf 87' lang='lat' dir='ltr'><strong>ministro</strong></span> <span class='ocrx_word' id='word_1_128' title='bbox 583 1254 807 1303; x_wconf 86' lang='lat' dir='ltr'><strong>collatum,</strong></span> <span class='ocrx_word' id='word_1_129' title='bbox 840 1253 1084 1294; x_wconf 85' lang='lat' dir='ltr'><strong>invalidum</strong></span> <span class='ocrx_word' id='word_1_130' title='bbox 1118 1252 1348 1293; x_wconf 87' lang='lat' dir='ltr'><strong>conficitur</strong></span> <span class='ocrx_word' id='word_1_131' title='bbox 1369 1266 1504 1305; x_wconf 89' lang='lat' dir='ltr'><strong>quum</strong></span> 
     </span>
     <span class='ocr_line' id='line_1_19' title="bbox 102 1323 739 1374; baseline -0.002 -11"><span class='ocrx_word' id='word_1_132' title='bbox 102 1323 224 1363; x_wconf 54' lang='lat' dir='ltr'><strong>¹desit</strong></span> <span class='ocrx_word' id='word_1_133' title='bbox 244 1323 431 1363; x_wconf 87' lang='lat' dir='ltr'><strong>intentio</strong></span> <span class='ocrx_word' id='word_1_134' title='bbox 453 1323 739 1374; x_wconf 87' lang='lat' dir='ltr'><strong>suscipientis.</strong></span> 
     </span>
    </p>

    <p class='ocr_par' dir='ltr' id='par_1_4' title="bbox 104 1388 1510 2124">
     <span class='ocr_line' id='line_1_20' title="bbox 168 1388 1504 1443; baseline -0.003 -12"><span class='ocrx_word' id='word_1_135' title='bbox 168 1392 212 1431; x_wconf 80' lang='grc' dir='ltr'><strong>8ο</strong></span> <span class='ocrx_word' id='word_1_136' title='bbox 230 1389 300 1431; x_wconf 93' lang='lat' dir='ltr'><strong>Ad</strong></span> <span class='ocrx_word' id='word_1_137' title='bbox 318 1391 512 1431; x_wconf 83' lang='lat' dir='ltr'><strong>actiones</strong></span> <span class='ocrx_word' id='word_1_138' title='bbox 529 1404 644 1443; x_wconf 87' lang='lat' dir='ltr'><strong>quae</strong></span> <span class='ocrx_word' id='word_1_139' title='bbox 661 1391 717 1430; x_wconf 83' lang='lat' dir='ltr'><strong>ad</strong></span> <span class='ocrx_word' id='word_1_140' title='bbox 735 1390 801 1431; x_wconf 89' lang='lat' dir='ltr'><strong>sui</strong></span> <span class='ocrx_word' id='word_1_141' title='bbox 818 1391 1012 1430; x_wconf 92' lang='lat' dir='ltr'><strong>valorem</strong></span> <span class='ocrx_word' id='word_1_142' title='bbox 1028 1389 1253 1442; x_wconf 86' lang='lat' dir='ltr'><strong>requirunt</strong></span> <span class='ocrx_word' id='word_1_143' title='bbox 1267 1388 1504 1441; x_wconf 86' lang='lat' dir='ltr'><strong>positivum</strong></span> 
     </span>
     <span class='ocr_line' id='line_1_21' title="bbox 107 1457 1505 1511; baseline -0.003 -11"><span class='ocrx_word' id='word_1_144' title='bbox 107 1459 348 1500; x_wconf 87' lang='lat' dir='ltr'><strong>voluntatis</strong></span> <span class='ocrx_word' id='word_1_145' title='bbox 369 1465 522 1507; x_wconf 86' lang='lat' dir='ltr'><strong>actum,</strong></span> <span class='ocrx_word' id='word_1_146' title='bbox 545 1472 628 1511; x_wconf 86' lang='lat' dir='ltr'><strong>v.g.</strong></span> <span class='ocrx_word' id='word_1_147' title='bbox 653 1472 916 1499; x_wconf 87' lang='lat' dir='ltr'><strong>consensum</strong></span> <span class='ocrx_word' id='word_1_148' title='bbox 949 1458 1140 1507; x_wconf 86' lang='lat' dir='ltr'><strong>alterius,</strong></span> <span class='ocrx_word' id='word_1_149' title='bbox 1161 1457 1242 1497; x_wconf 89' lang='lat' dir='ltr'><strong>etsi</strong></span> <span class='ocrx_word' id='word_1_150' title='bbox 1266 1457 1505 1509; x_wconf 82' lang='lat' dir='ltr'><strong>aliquando</strong></span> 
     </span>
     <span class='ocr_line' id='line_1_22' title="bbox 106 1525 1504 1578; baseline -0.003 -10"><span class='ocrx_word' id='word_1_151' title='bbox 106 1526 267 1568; x_wconf 89' lang='lat' dir='ltr'><strong>sufficit</strong></span> <span class='ocrx_word' id='word_1_152' title='bbox 306 1526 603 1566; x_wconf 86' lang='lat' dir='ltr'><strong>voluntarium</strong></span> <span class='ocrx_word' id='word_1_153' title='bbox 648 1526 1020 1578; x_wconf 63' lang='lat' dir='ltr'><strong>inteipretativum</strong></span> <span class='ocrx_word' id='word_1_154' title='bbox 1061 1525 1312 1573; x_wconf 85' lang='lat' dir='ltr'><strong>absolutum,</strong></span> <span class='ocrx_word' id='word_1_155' title='bbox 1353 1530 1504 1565; x_wconf 88' lang='lat' dir='ltr'><strong>tamen</strong></span> 
     </span>
     <span class='ocr_line' id='line_1_23' title="bbox 107 1592 1503 1649; baseline -0.002 -14"><span class='ocrx_word' id='word_1_156' title='bbox 107 1608 332 1649; x_wconf 89' lang='lat' dir='ltr'><strong>nunquam</strong></span> <span class='ocrx_word' id='word_1_157' title='bbox 354 1594 513 1635; x_wconf 84' lang='lat' dir='ltr'><strong>sufficit</strong></span> <span class='ocrx_word' id='word_1_158' title='bbox 531 1594 904 1646; x_wconf 75' lang='lat' dir='ltr'><strong>interpretativum</strong></span> <span class='ocrx_word' id='word_1_159' title='bbox 925 1593 1275 1634; x_wconf 78' lang='lat' dir='ltr'><strong>conditionatum.</strong></span> <span class='ocrx_word' id='word_1_160' title='bbox 1325 1592 1397 1633; x_wconf 82' lang='lat' dir='ltr'><strong>Sic</strong></span> <span class='ocrx_word' id='word_1_161' title='bbox 1420 1606 1503 1645; x_wconf 82' lang='lat' dir='ltr'>v.g.</span> 
     </span>
     <span class='ocr_line' id='line_1_24' title="bbox 105 1662 1505 1716; baseline -0.001 -12"><span class='ocrx_word' id='word_1_162' title='bbox 105 1663 358 1716; x_wconf 80' lang='lat' dir='ltr'><strong>hujUsmodi</strong></span> <span class='ocrx_word' id='word_1_163' title='bbox 379 1669 665 1716; x_wconf 82' lang='lat' dir='ltr'><strong>praesumpta</strong></span> <span class='ocrx_word' id='word_1_164' title='bbox 686 1663 889 1704; x_wconf 90' lang='lat' dir='ltr'><strong>voluntas</strong></span> <span class='ocrx_word' id='word_1_165' title='bbox 906 1663 1140 1716; x_wconf 87' lang='lat' dir='ltr'><strong>superioris</strong></span> <span class='ocrx_word' id='word_1_166' title='bbox 1159 1677 1246 1703; x_wconf 90' lang='lat' dir='ltr'><strong>non</strong></span> <span class='ocrx_word' id='word_1_167' title='bbox 1269 1662 1428 1703; x_wconf 86' lang='lat' dir='ltr'><strong>sufficit</strong></span> <span class='ocrx_word' id='word_1_168' title='bbox 1449 1663 1505 1702; x_wconf 86' lang='lat' dir='ltr'><strong>ad</strong></span> 
     </span>
     <span class='ocr_line' id='line_1_25' title="bbox 104 1731 1507 1785; baseline -0.001 -13"><span class='ocrx_word' id='word_1_169' title='bbox 104 1731 416 1772; x_wconf 88' lang='lat' dir='ltr'><strong>conferendam</strong></span> <span class='ocrx_word' id='word_1_170' title='bbox 458 1731 676 1772; x_wconf 87' lang='lat' dir='ltr'><strong>sacerdoti</strong></span> <span class='ocrx_word' id='word_1_171' title='bbox 710 1731 1066 1784; x_wconf 88' lang='lat' dir='ltr'><strong>jurisdictionem</strong></span> <span class='ocrx_word' id='word_1_172' title='bbox 1108 1731 1360 1785; x_wconf 85' lang='lat' dir='ltr'><strong>excipiendi</strong></span> <span class='ocrx_word' id='word_1_173' title='bbox 1403 1744 1507 1771; x_wconf 91' lang='lat' dir='ltr'><strong>con-</strong></span> 
     </span>
     <span class='ocr_line' id='line_1_26' title="bbox 105 1799 1506 1849; baseline 0 -9"><span class='ocrx_word' id='word_1_174' title='bbox 105 1800 327 1848; x_wconf 83' lang='lat' dir='ltr'><strong>sessiones,</strong></span> <span class='ocrx_word' id='word_1_175' title='bbox 363 1799 619 1840; x_wconf 87' lang='lat' dir='ltr'><strong>absolvendi</strong></span> <span class='ocrx_word' id='word_1_176' title='bbox 642 1814 668 1840; x_wconf 88' lang='lat' dir='ltr'><strong>a</strong></span> <span class='ocrx_word' id='word_1_177' title='bbox 701 1800 875 1840; x_wconf 86' lang='lat' dir='ltr'><strong>casibus</strong></span> <span class='ocrx_word' id='word_1_178' title='bbox 910 1800 1156 1849; x_wconf 79' lang='lat' dir='ltr'><strong>reservatis,</strong></span> <span class='ocrx_word' id='word_1_179' title='bbox 1189 1799 1408 1840; x_wconf 66' lang='lat' dir='ltr'><strong>eto—Ad</strong></span> <span class='ocrx_word' id='word_1_180' title='bbox 1432 1812 1506 1839; x_wconf 88' lang='lat' dir='ltr'><strong>eos</strong></span> 
     </span>
     <span class='ocr_line' id='line_1_27' title="bbox 106 1867 1507 1921; baseline -0.001 -13"><span class='ocrx_word' id='word_1_181' title='bbox 106 1881 208 1908; x_wconf 90' lang='lat' dir='ltr'><strong>vero</strong></span> <span class='ocrx_word' id='word_1_182' title='bbox 229 1868 425 1908; x_wconf 86' lang='lat' dir='ltr'><strong>actiones</strong></span> <span class='ocrx_word' id='word_1_183' title='bbox 443 1881 557 1921; x_wconf 89' lang='lat' dir='ltr'><strong>quae</strong></span> <span class='ocrx_word' id='word_1_184' title='bbox 578 1881 665 1907; x_wconf 92' lang='lat' dir='ltr'><strong>non</strong></span> <span class='ocrx_word' id='word_1_185' title='bbox 689 1867 918 1921; x_wconf 90' lang='lat' dir='ltr'><strong>requirunt</strong></span> <span class='ocrx_word' id='word_1_186' title='bbox 940 1867 1181 1920; x_wconf 87' lang='lat' dir='ltr'><strong>positivum</strong></span> <span class='ocrx_word' id='word_1_187' title='bbox 1203 1867 1383 1908; x_wconf 86' lang='lat' dir='ltr'><strong>alterius</strong></span> <span class='ocrx_word' id='word_1_188' title='bbox 1406 1880 1507 1907; x_wconf 91' lang='lat' dir='ltr'><strong>con-</strong></span> 
     </span>
     <span class='ocr_line' id='line_1_28' title="bbox 105 1935 1507 1988; baseline -0.001 -12"><span class='ocrx_word' id='word_1_189' title='bbox 105 1949 293 1986; x_wconf 87' lang='lat' dir='ltr'><strong>sensum,</strong></span> <span class='ocrx_word' id='word_1_190' title='bbox 314 1937 392 1976; x_wconf 89' lang='lat' dir='ltr'><strong>sed</strong></span> <span class='ocrx_word' id='word_1_191' title='bbox 415 1936 559 1977; x_wconf 89' lang='lat' dir='ltr'><strong>solum</strong></span> <span class='ocrx_word' id='word_1_192' title='bbox 582 1942 631 1977; x_wconf 87' lang='lat' dir='ltr'><strong>ut</strong></span> <span class='ocrx_word' id='word_1_193' title='bbox 653 1936 727 1976; x_wconf 89' lang='lat' dir='ltr'><strong>ille</strong></span> <span class='ocrx_word' id='word_1_194' title='bbox 749 1936 911 1976; x_wconf 88' lang='lat' dir='ltr'><strong>invitus</strong></span> <span class='ocrx_word' id='word_1_195' title='bbox 934 1949 1023 1976; x_wconf 92' lang='lat' dir='ltr'><strong>non</strong></span> <span class='ocrx_word' id='word_1_196' title='bbox 1045 1936 1112 1986; x_wconf 86' lang='lat' dir='ltr'><strong>sit,</strong></span> <span class='ocrx_word' id='word_1_197' title='bbox 1135 1935 1507 1988; x_wconf 79' lang='lat' dir='ltr'><strong>interpretativum</strong></span> 
     </span>
     <span class='ocr_line' id='line_1_29' title="bbox 105 2003 1504 2057; baseline -0.002 -13"><span class='ocrx_word' id='word_1_198' title='bbox 105 2004 263 2045; x_wconf 85' lang='lat' dir='ltr'><strong>sufficit</strong></span> <span class='ocrx_word' id='word_1_199' title='bbox 292 2004 588 2045; x_wconf 85' lang='lat' dir='ltr'><strong>voluntarium</strong></span> <span class='ocrx_word' id='word_1_200' title='bbox 626 2004 760 2044; x_wconf 87' lang='lat' dir='ltr'><strong>etiam</strong></span> <span class='ocrx_word' id='word_1_201' title='bbox 790 2004 1158 2044; x_wconf 81' lang='lat' dir='ltr'><strong>conditionatum:</strong></span> <span class='ocrx_word' id='word_1_202' title='bbox 1188 2018 1272 2057; x_wconf 84' lang='lat' dir='ltr'>v.g.</span> <span class='ocrx_word' id='word_1_203' title='bbox 1296 2010 1344 2044; x_wconf 90' lang='lat' dir='ltr'><strong>ut</strong></span> <span class='ocrx_word' id='word_1_204' title='bbox 1376 2003 1504 2044; x_wconf 90' lang='lat' dir='ltr'><strong>liceat</strong></span> 
     </span>
     <span class='ocr_line' id='line_1_30' title="bbox 107 2060 1510 2124; baseline -0.001 -14"><span class='ocrx_word' id='word_1_205' title='bbox 107 2069 152 2112; x_wconf 88' lang='lat' dir='ltr'><strong>in</strong></span> <span class='ocrx_word' id='word_1_206' title='bbox 189 2072 372 2112; x_wconf 84' lang='lat' dir='ltr'><strong>ecclesia</strong></span> <span class='ocrx_word' id='word_1_207' title='bbox 405 2072 559 2121; x_wconf 84' lang='lat' dir='ltr'><strong>aliena,</strong></span> <span class='ocrx_word' id='word_1_208' title='bbox 581 2072 765 2112; x_wconf 86' lang='lat' dir='ltr'><strong>absente</strong></span> <span class='ocrx_word' id='word_1_209' title='bbox 787 2071 986 2124; x_wconf 88' lang='lat' dir='ltr'><strong>ejusdem</strong></span> <span class='ocrx_word' id='word_1_210' title='bbox 1020 2072 1225 2124; x_wconf 80' lang='lat' dir='ltr'><strong>parocho,</strong></span> <span class='ocrx_word' id='word_1_211' title='bbox 1259 2060 1510 2112; x_wconf 79' lang='lat' dir='ltr'><strong>celebrare.³</strong></span> 
     </span>
    </p>
   </div>
   <div class='ocr_carea' id='block_1_3' title="bbox 1271 2154 1290 2161">
    <p class='ocr_par' dir='ltr' id='par_1_5' title="bbox 1271 2154 1290 2161">
     <span class='ocr_line' id='line_1_31' title="bbox 1271 2154 1290 2161; baseline 0 -2"><span class='ocrx_word' id='word_1_212' title='bbox 1271 2154 1290 2161; x_wconf 48' lang='grc' dir='ltr'>ς</span> 
     </span>
    </p>
   </div>
   <div class='ocr_carea' id='block_1_4' title="bbox 1303 2150 1495 2158">
    <p class='ocr_par' dir='ltr' id='par_1_6' title="bbox 1303 2150 1495 2158">
     <span class='ocr_line' id='line_1_32' title="bbox 1303 2150 1495 2158; baseline 0 0"><span class='ocrx_word' id='word_1_213' title='bbox 1303 2150 1495 2158; x_wconf 95' lang='lat' dir='ltr'><strong> </strong></span> 
     </span>
    </p>
   </div>
   <div class='ocr_carea' id='block_1_5' title="bbox 1088 2153 1269 2160">
    <p class='ocr_par' dir='ltr' id='par_1_7' title="bbox 1088 2153 1269 2160">
     <span class='ocr_line' id='line_1_33' title="bbox 1088 2153 1269 2160; baseline 0 0"><span class='ocrx_word' id='word_1_214' title='bbox 1088 2153 1269 2160; x_wconf 95' lang='lat' dir='ltr'><strong> </strong></span> 
     </span>
    </p>
   </div>
   <div class='ocr_carea' id='block_1_6' title="bbox 807 2154 984 2160">
    <p class='ocr_par' dir='ltr' id='par_1_8' title="bbox 807 2154 984 2160">
     <span class='ocr_line' id='line_1_34' title="bbox 807 2154 984 2160; baseline 0 0"><span class='ocrx_word' id='word_1_215' title='bbox 807 2154 984 2160; x_wconf 95' lang='lat' dir='ltr'><strong> </strong></span> 
     </span>
    </p>
   </div>
   <div class='ocr_carea' id='block_1_7' title="bbox 986 2155 1086 2158">
    <p class='ocr_par' dir='ltr' id='par_1_9' title="bbox 986 2155 1086 2158">
     <span class='ocr_line' id='line_1_35' title="bbox 986 2155 1086 2158; baseline 0 0"><span class='ocrx_word' id='word_1_216' title='bbox 986 2155 1086 2158; x_wconf 95' lang='lat' dir='ltr'><strong> </strong></span> 
     </span>
    </p>
   </div>
   <div class='ocr_carea' id='block_1_8' title="bbox 102 2198 1510 2586">
    <p class='ocr_par' dir='ltr' id='par_1_10' title="bbox 102 2198 1507 2326">
     <span class='ocr_line' id='line_1_36' title="bbox 148 2198 1507 2241; baseline -0.002 -12"><span class='ocrx_word' id='word_1_217' title='bbox 148 2198 224 2229; x_wconf 77' lang='lat' dir='ltr'><strong>¹Ita</strong></span> <span class='ocrx_word' id='word_1_218' title='bbox 247 2208 316 2238; x_wconf 86' lang='lat' dir='ltr'>v.g.</span> <span class='ocrx_word' id='word_1_219' title='bbox 335 2198 371 2230; x_wconf 89' lang='lat' dir='ltr'><strong>S.</strong></span> <span class='ocrx_word' id='word_1_220' title='bbox 389 2198 508 2240; x_wconf 86' lang='lat' dir='ltr'><strong>Alph.,</strong></span> <span class='ocrx_word' id='word_1_221' title='bbox 529 2199 606 2229; x_wconf 89' lang='lat' dir='ltr'><strong>Lib.</strong></span> <span class='ocrx_word' id='word_1_222' title='bbox 625 2199 657 2230; x_wconf 87' lang='lat'><strong>6.</strong></span> <span class='ocrx_word' id='word_1_223' title='bbox 686 2199 800 2230; x_wconf 86' lang='lat' dir='ltr'><strong>Tract.</strong></span> <span class='ocrx_word' id='word_1_224' title='bbox 819 2199 842 2230; x_wconf 90' lang='lat' dir='ltr'><strong>i.</strong></span> <span class='ocrx_word' id='word_1_225' title='bbox 868 2210 902 2230; x_wconf 86' lang='lat' dir='ltr'><strong>n.</strong></span> <span class='ocrx_word' id='word_1_226' title='bbox 919 2199 972 2231; x_wconf 88' lang='lat'><strong>82.</strong></span> <span class='ocrx_word' id='word_1_227' title='bbox 1021 2199 1138 2241; x_wconf 90' lang='lat' dir='ltr'><strong>Neque</strong></span> <span class='ocrx_word' id='word_1_228' title='bbox 1166 2205 1278 2231; x_wconf 85' lang='lat' dir='ltr'><strong>tamen</strong></span> <span class='ocrx_word' id='word_1_229' title='bbox 1304 2198 1507 2231; x_wconf 89' lang='lat' dir='ltr'><strong>censendum</strong></span> 
     </span>
     <span class='ocr_line' id='line_1_37' title="bbox 102 2240 1507 2282; baseline -0.003 -9"><span class='ocrx_word' id='word_1_230' title='bbox 102 2247 151 2273; x_wconf 84' lang='lat' dir='ltr'><strong>est</strong></span> <span class='ocrx_word' id='word_1_231' title='bbox 174 2240 221 2272; x_wconf 88' lang='lat' dir='ltr'><strong>ita</strong></span> <span class='ocrx_word' id='word_1_232' title='bbox 243 2242 353 2282; x_wconf 88' lang='lat' dir='ltr'><strong>reipsa</strong></span> <span class='ocrx_word' id='word_1_233' title='bbox 375 2241 505 2273; x_wconf 85' lang='lat' dir='ltr'><strong>locutos</strong></span> <span class='ocrx_word' id='word_1_234' title='bbox 530 2252 601 2273; x_wconf 84' lang='lat' dir='ltr'><strong>esse</strong></span> <span class='ocrx_word' id='word_1_235' title='bbox 626 2243 706 2272; x_wconf 83' lang='lat' dir='ltr'><strong>AA.</strong></span> <span class='ocrx_word' id='word_1_236' title='bbox 734 2243 861 2274; x_wconf 89' lang='lat' dir='ltr'><strong>ibidem</strong></span> <span class='ocrx_word' id='word_1_237' title='bbox 889 2254 908 2273; x_wconf 88' lang='lat' dir='ltr'><strong>a</strong></span> <span class='ocrx_word' id='word_1_238' title='bbox 933 2244 968 2275; x_wconf 84' lang='lat' dir='ltr'><strong>S.</strong></span> <span class='ocrx_word' id='word_1_239' title='bbox 1000 2243 1147 2275; x_wconf 88' lang='lat' dir='ltr'><strong>Doctore</strong></span> <span class='ocrx_word' id='word_1_240' title='bbox 1161 2243 1291 2274; x_wconf 85' lang='lat' dir='ltr'><strong>citatos.</strong></span> <span class='ocrx_word' id='word_1_241' title='bbox 1338 2243 1419 2272; x_wconf 84' lang='lat' dir='ltr'><strong>Vid.</strong></span> <span class='ocrx_word' id='word_1_242' title='bbox 1438 2250 1507 2280; x_wconf 57' lang='grc' dir='ltr'><strong>νς.</strong></span> 
     </span>
     <span class='ocr_line' id='line_1_38' title="bbox 103 2284 1389 2326; baseline 0 -10"><span class='ocrx_word' id='word_1_243' title='bbox 103 2285 156 2316; x_wconf 85' lang='lat' dir='ltr'><strong>De</strong></span> <span class='ocrx_word' id='word_1_244' title='bbox 170 2284 275 2325; x_wconf 86' lang='lat' dir='ltr'><strong>Lugo,</strong></span> <span class='ocrx_word' id='word_1_245' title='bbox 297 2285 347 2315; x_wconf 86' lang='lat' dir='ltr'><strong>De</strong></span> <span class='ocrx_word' id='word_1_246' title='bbox 361 2285 581 2316; x_wconf 80' lang='lat' dir='ltr'><strong>Sacramentis</strong></span> <span class='ocrx_word' id='word_1_247' title='bbox 598 2286 634 2315; x_wconf 82' lang='lat' dir='ltr'><strong>in</strong></span> <span class='ocrx_word' id='word_1_248' title='bbox 654 2285 780 2322; x_wconf 78' lang='lat' dir='ltr'><strong>Genere,</strong></span> <span class='ocrx_word' id='word_1_249' title='bbox 799 2286 896 2326; x_wconf 81' lang='lat' dir='ltr'><strong>Disp.</strong></span> <span class='ocrx_word' id='word_1_250' title='bbox 915 2294 947 2326; x_wconf 89' lang='lat'><strong>9.</strong></span> <span class='ocrx_word' id='word_1_251' title='bbox 967 2292 1047 2317; x_wconf 87' lang='lat' dir='ltr'><strong>sect.</strong></span> <span class='ocrx_word' id='word_1_252' title='bbox 1068 2287 1123 2317; x_wconf 85' lang='lat' dir='ltr'><strong>vii.</strong></span> <span class='ocrx_word' id='word_1_253' title='bbox 1142 2298 1200 2318; x_wconf 87' lang='lat' dir='ltr'><strong>nn.</strong></span> <span class='ocrx_word' id='word_1_254' title='bbox 1223 2294 1295 2316; x_wconf 90' lang='lat'>122.</span> <span class='ocrx_word' id='word_1_255' title='bbox 1319 2294 1389 2326; x_wconf 90' lang='lat'>130.</span> 
     </span>
    </p>

    <p class='ocr_par' dir='ltr' id='par_1_11' title="bbox 103 2327 1510 2452">
     <span class='ocr_line' id='line_1_39' title="bbox 145 2327 1509 2371; baseline -0.002 -13"><span class='ocrx_word' id='word_1_256' title='bbox 145 2328 223 2358; x_wconf 80' lang='lat' dir='ltr'><strong>²De</strong></span> <span class='ocrx_word' id='word_1_257' title='bbox 251 2338 316 2368; x_wconf 82' lang='lat' dir='ltr'><strong>quo</strong></span> <span class='ocrx_word' id='word_1_258' title='bbox 333 2328 468 2368; x_wconf 87' lang='lat' dir='ltr'><strong>quidem</strong></span> <span class='ocrx_word' id='word_1_259' title='bbox 493 2329 600 2369; x_wconf 86' lang='lat' dir='ltr'><strong>reipsa</strong></span> <span class='ocrx_word' id='word_1_260' title='bbox 625 2329 804 2370; x_wconf 84' lang='lat' dir='ltr'><strong>loquuntur</strong></span> <span class='ocrx_word' id='word_1_261' title='bbox 829 2330 907 2360; x_wconf 80' lang='lat' dir='ltr'><strong>AA.</strong></span> <span class='ocrx_word' id='word_1_262' title='bbox 938 2329 1004 2360; x_wconf 84' lang='lat' dir='ltr'><strong>sere</strong></span> <span class='ocrx_word' id='word_1_263' title='bbox 1032 2341 1147 2361; x_wconf 84' lang='lat' dir='ltr'><strong>omnes</strong></span> <span class='ocrx_word' id='word_1_264' title='bbox 1174 2330 1230 2371; x_wconf 84' lang='lat' dir='ltr'><strong>qui</strong></span> <span class='ocrx_word' id='word_1_265' title='bbox 1259 2330 1378 2360; x_wconf 83' lang='lat' dir='ltr'><strong>docent</strong></span> <span class='ocrx_word' id='word_1_266' title='bbox 1404 2327 1509 2357; x_wconf 87' lang='lat' dir='ltr'><strong>inten-</strong></span> 
     </span>
     <span class='ocr_line' id='line_1_40' title="bbox 103 2368 1510 2414; baseline -0.002 -13"><span class='ocrx_word' id='word_1_267' title='bbox 103 2370 227 2402; x_wconf 88' lang='lat' dir='ltr'><strong>tionem</strong></span> <span class='ocrx_word' id='word_1_268' title='bbox 245 2371 529 2411; x_wconf 82' lang='lat' dir='ltr'><strong>interpretativam</strong></span> <span class='ocrx_word' id='word_1_269' title='bbox 545 2372 599 2403; x_wconf 89' lang='lat' dir='ltr'><strong>hic</strong></span> <span class='ocrx_word' id='word_1_270' title='bbox 616 2372 775 2403; x_wconf 84' lang='lat' dir='ltr'><strong>sufficere.</strong></span> <span class='ocrx_word' id='word_1_271' title='bbox 823 2372 903 2403; x_wconf 85' lang='lat' dir='ltr'><strong>vid.</strong></span> <span class='ocrx_word' id='word_1_272' title='bbox 930 2383 998 2414; x_wconf 79' lang='lat' dir='ltr'>v.g.</span> <span class='ocrx_word' id='word_1_273' title='bbox 1026 2373 1179 2411; x_wconf 79' lang='lat' dir='ltr'><strong>Laeroix,</strong></span> <span class='ocrx_word' id='word_1_274' title='bbox 1210 2372 1285 2402; x_wconf 86' lang='lat' dir='ltr'><strong>Lib.</strong></span> <span class='ocrx_word' id='word_1_275' title='bbox 1315 2373 1346 2402; x_wconf 88' lang='lat'><strong>6.</strong></span> <span class='ocrx_word' id='word_1_276' title='bbox 1370 2371 1461 2401; x_wconf 81' lang='lat' dir='ltr'><strong>Part.</strong></span> <span class='ocrx_word' id='word_1_277' title='bbox 1488 2368 1510 2399; x_wconf 87' lang='lat' dir='ltr'><strong>i.</strong></span> 
     </span>
     <span class='ocr_line' id='line_1_41' title="bbox 104 2421 236 2452; baseline -0.008 -7"><span class='ocrx_word' id='word_1_278' title='bbox 104 2424 138 2445; x_wconf 91' lang='lat' dir='ltr'><strong>n.</strong></span> <span class='ocrx_word' id='word_1_279' title='bbox 163 2421 236 2452; x_wconf 92' lang='lat'>172.</span> 
     </span>
    </p>

    <p class='ocr_par' dir='ltr' id='par_1_12' title="bbox 102 2457 1509 2586">
     <span class='ocr_line' id='line_1_42' title="bbox 145 2457 1509 2500; baseline 0.001 -13"><span class='ocrx_word' id='word_1_280' title='bbox 145 2457 249 2488; x_wconf 79' lang='lat' dir='ltr'><strong>⁵Vid.</strong></span> <span class='ocrx_word' id='word_1_281' title='bbox 277 2457 432 2498; x_wconf 85' lang='lat' dir='ltr'><strong>Arriaga,</strong></span> <span class='ocrx_word' id='word_1_282' title='bbox 451 2459 505 2488; x_wconf 87' lang='lat' dir='ltr'><strong>De</strong></span> <span class='ocrx_word' id='word_1_283' title='bbox 526 2460 599 2488; x_wconf 84' lang='lat' dir='ltr'><strong>Act.</strong></span> <span class='ocrx_word' id='word_1_284' title='bbox 629 2459 813 2495; x_wconf 80' lang='lat' dir='ltr'><strong>Humanis,</strong></span> <span class='ocrx_word' id='word_1_285' title='bbox 845 2459 941 2500; x_wconf 84' lang='lat' dir='ltr'><strong>Disp.</strong></span> <span class='ocrx_word' id='word_1_286' title='bbox 960 2458 992 2490; x_wconf 86' lang='lat'><strong>8.</strong></span> <span class='ocrx_word' id='word_1_287' title='bbox 1012 2469 1045 2490; x_wconf 91' lang='lat' dir='ltr'><strong>n.</strong></span> <span class='ocrx_word' id='word_1_288' title='bbox 1065 2469 1106 2500; x_wconf 87' lang='lat'><strong>34</strong></span> <span class='ocrx_word' id='word_1_289' title='bbox 1126 2470 1133 2495; x_wconf 70' lang='grc' dir='ltr'><strong>ς</strong></span> <span class='ocrx_word' id='word_1_290' title='bbox 1163 2459 1307 2500; x_wconf 84' lang='lat' dir='ltr'><strong>Struggl,</strong></span> <span class='ocrx_word' id='word_1_291' title='bbox 1342 2458 1509 2492; x_wconf 51' lang='lat' dir='ltr'><strong>Theolow&#39;a</strong></span> 
     </span>
     <span class='ocr_line' id='line_1_43' title="bbox 102 2500 1508 2543; baseline -0.001 -11"><span class='ocrx_word' id='word_1_292' title='bbox 102 2501 259 2538; x_wconf 66' lang='lat' dir='ltr'><strong>Mor-alis,</strong></span> <span class='ocrx_word' id='word_1_293' title='bbox 279 2500 394 2531; x_wconf 84' lang='lat' dir='ltr'><strong>Tract.</strong></span> <span class='ocrx_word' id='word_1_294' title='bbox 417 2509 445 2531; x_wconf 80' lang='grc' dir='ltr'><strong>ι.</strong></span> <span class='ocrx_word' id='word_1_295' title='bbox 465 2507 592 2542; x_wconf 86' lang='lat' dir='ltr'><strong>quaest.</strong></span> <span class='ocrx_word' id='word_1_296' title='bbox 611 2501 634 2532; x_wconf 90' lang='lat' dir='ltr'><strong>i.</strong></span> <span class='ocrx_word' id='word_1_297' title='bbox 653 2512 686 2532; x_wconf 90' lang='lat' dir='ltr'><strong>n.</strong></span> <span class='ocrx_word' id='word_1_298' title='bbox 706 2510 744 2532; x_wconf 83' lang='lat'><strong>21</strong></span> <span class='ocrx_word' id='word_1_299' title='bbox 762 2511 769 2532; x_wconf 76' lang='grc' dir='ltr'><strong>ε</strong></span> <span class='ocrx_word' id='word_1_300' title='bbox 797 2502 833 2533; x_wconf 86' lang='lat' dir='ltr'><strong>S.</strong></span> <span class='ocrx_word' id='word_1_301' title='bbox 853 2502 972 2543; x_wconf 66' lang='lat' dir='ltr'><strong>Alph„</strong></span> <span class='ocrx_word' id='word_1_302' title='bbox 1002 2502 1077 2533; x_wconf 93' lang='lat' dir='ltr'><strong>Lib.</strong></span> <span class='ocrx_word' id='word_1_303' title='bbox 1100 2511 1128 2534; x_wconf 88' lang='lat'><strong>1.</strong></span> <span class='ocrx_word' id='word_1_304' title='bbox 1150 2504 1263 2534; x_wconf 85' lang='lat' dir='ltr'><strong>Tract.</strong></span> <span class='ocrx_word' id='word_1_305' title='bbox 1282 2501 1317 2532; x_wconf 80' lang='lat' dir='ltr'><strong>ii.</strong></span> <span class='ocrx_word' id='word_1_306' title='bbox 1337 2502 1389 2532; x_wconf 86' lang='lat' dir='ltr'><strong>De</strong></span> <span class='ocrx_word' id='word_1_307' title='bbox 1415 2502 1508 2542; x_wconf 71' lang='lat' dir='ltr'><strong>Legi-</strong></span> 
     </span>
     <span class='ocr_line' id='line_1_44' title="bbox 102 2542 1120 2586; baseline 0.002 -12"><span class='ocrx_word' id='word_1_308' title='bbox 102 2543 170 2581; x_wconf 84' lang='lat' dir='ltr'><strong>bus,</strong></span> <span class='ocrx_word' id='word_1_309' title='bbox 190 2554 223 2574; x_wconf 89' lang='lat' dir='ltr'><strong>n.</strong></span> <span class='ocrx_word' id='word_1_310' title='bbox 246 2542 326 2583; x_wconf 89' lang='lat'>187;</span> <span class='ocrx_word' id='word_1_311' title='bbox 357 2543 431 2575; x_wconf 86' lang='lat' dir='ltr'><strong>Lib.</strong></span> <span class='ocrx_word' id='word_1_312' title='bbox 448 2543 480 2574; x_wconf 91' lang='lat'><strong>6.</strong></span> <span class='ocrx_word' id='word_1_313' title='bbox 501 2543 613 2575; x_wconf 85' lang='lat' dir='ltr'><strong>Tract.</strong></span> <span class='ocrx_word' id='word_1_314' title='bbox 632 2545 672 2575; x_wconf 85' lang='lat' dir='ltr'><strong>iv.</strong></span> <span class='ocrx_word' id='word_1_315' title='bbox 696 2545 747 2575; x_wconf 81' lang='lat' dir='ltr'><strong>Dc</strong></span> <span class='ocrx_word' id='word_1_316' title='bbox 762 2545 974 2583; x_wconf 80' lang='lat' dir='ltr'><strong>Paenitentia,</strong></span> <span class='ocrx_word' id='word_1_317' title='bbox 992 2556 1025 2576; x_wconf 80' lang='grc' dir='ltr'><strong>ιι.</strong></span> <span class='ocrx_word' id='word_1_318' title='bbox 1046 2553 1120 2586; x_wconf 84' lang='grc'>570.</span> 
     </span>
    </p>
   </div>
  </div>
 </body>
</html>
