1716 2729
189 91 203 119 1
214 82 269 131 84
784 85 824 126 T
822 93 1015 127 metatus
1418 85 1594 140 [GURY›

244 206 335 248 515.
373 198 532 252 Neque
554 207 720 251 tamen,
744 208 793 243 ut
815 208 951 256 patet,
973 202 1083 244 haec
1106 203 1218 243 ratio
1241 215 1421 243 censere
1443 207 1594 255 potest

181 265 339 315 valere,
363 267 445 307 nisi
482 269 538 309 de
576 270 748 311 actibus
784 271 1064 324 quibusdam,
1087 267 1137 311 ac
1170 271 1429 324 praesertim
1463 271 1519 311 de
1541 269 1593 310 iis

181 333 270 386 qui,
295 340 344 375 ut
377 335 419 375 in
464 338 675 391 exemplo
717 338 865 389 allato,
906 345 1137 380 versantur
1178 340 1233 380 de
1276 339 1407 380 rebus
1442 339 1592 380 sacris.

183 400 272 442 Hic
294 417 398 444 vero
431 406 578 457 agitur
613 407 669 447 de
706 407 859 461 regula
893 407 1129 448 universali
1166 408 1416 457 tradenda;
1458 412 1594 460 atque

181 469 299 510 aliud
337 485 443 512 sane
480 480 547 515 est
583 474 647 528 (a)
676 489 918 529 agnoscere
950 475 1314 516 deordinationem
1351 476 1593 528 quandam,

177 538 322 590 qualis
356 542 510 595 utique
541 556 638 584 esse
660 543 835 584 videtur
865 558 1003 597 quum
1033 550 1157 585 actus
1189 543 1332 584 bonus
1365 544 1424 585 ob
1455 543 1591 584 finem

178 607 517 661 indifferentem,
540 618 584 652 ct
607 612 708 653 ideo
730 627 819 653 non
842 614 1023 663 bonum,
1045 613 1322 666 perficiatur;
1346 613 1466 654 aliud
1488 626 1593 654 vero

180 676 241 728 (b)
277 691 517 731 agnoscere
547 687 768 733 peccatum
810 695 906 722 esse
949 682 1011 721 ita
1052 695 1193 734 agere.
1257 681 1331 722 Sic
1367 695 1456 734 v.g.
1492 681 1591 734 quis

178 751 305 798 putet
327 754 547 799 peccatum
581 763 676 790 esse
713 750 756 790 in
781 750 903 791 ebrio
940 750 996 790 ab
1034 750 1378 803 intemperantia
1410 750 1591 791 bibendi

177 814 397 856 abstinere
421 817 503 857 etsi
526 818 748 859 abstineat
771 819 828 859 ob
849 819 967 860 hunc
999 819 1143 860 solum
1167 819 1299 860 finem
1334 825 1382 860 ut
1405 820 1591 873 sumpti-

176 883 258 923 bus
282 892 434 936 parcat
451 889 474 926 ?·-

238 954 330 1003 516.
366 954 536 1007 Itaque,
567 957 762 1009 seposita
794 956 953 997 saltem
986 956 1260 1009 obligatione
1282 971 1308 996 a
1330 956 1589 1008 Thomistis,

176 1026 223 1060 ut
261 1034 301 1060 n.
337 1031 433 1073 513.
457 1023 626 1064 dictum
664 1031 742 1075 est,
777 1031 1073 1078 propugnata,
1111 1026 1166 1065 de
1203 1039 1292 1078 qua
1328 1025 1424 1065 fuse
1458 1024 1590 1066 infral

174 1091 397 1142 agendum
437 1092 531 1142 erit,
565 1094 748 1134 omnino
790 1093 1030 1134 dicendum
1083 1094 1271 1143 videtur,
1315 1107 1415 1135 cum
1468 1108 1588 1136 com-

175 1159 375 1199 muniore
416 1162 638 1202 sententia
679 1163 788 1213 TT.‚
826 1169 976 1203 actum
1013 1177 1071 1203 ex
1114 1164 1292 1217 objecto
1324 1171 1368 1205 et
1405 1166 1590 1207 circum—

172 1228 348 1269 stantiis
391 1229 557 1270 bonum
601 1245 689 1272 non
732 1231 833 1272 ideo
871 1231 1038 1272 malum
1077 1232 1167 1272 fieri
1205 1234 1326 1286 quod
1361 1234 1419 1274 ob
1453 1234 1587 1276 finem

173 1296 498 1339 indifferentem
521 1300 783 1353 perficiatur.

233 1377 327 1418 517.
361 1366 553 1420 QUAER.
590 1374 646 1420 3⁰.
683 1368 899 1420 Quomodo
935 1383 986 1409 ex
1007 1370 1104 1423 fine
1134 1371 1320 1423 pendeat
1353 1374 1586 1415 moralitas

170 1443 290 1476 aelus
310 1450 362 1475 ex
379 1437 527 1489 objecto
548 1444 589 1478 et
607 1437 950 1478 circumstantiis
971 1439 1076 1479 mali
1095 1439 1108 1479 ?

233 1508 326 1557 518.
366 1507 507 1548 RESP.
544 1507 754 1556 Eosdem,
797 1513 844 1547 ut
890 1506 931 1546 in
976 1508 1194 1560 prioribus
1237 1511 1586 1564 quaestionibus,

171 1580 260 1614 tres
284 1589 410 1616 casus
433 1576 765 1629 distinguendo.

234 1653 325 1697 519.
363 1645 521 1697 Itaque
537 1646 599 1695 (a)
617 1646 652 1685 si
678 1645 776 1685 finis
800 1652 866 1686 est
890 1646 1043 1694 malm,
1060 1652 1108 1686 ut
1130 1660 1212 1699 vg.
1236 1647 1272 1686 si
1294 1647 1392 1699 quis
1416 1647 1587 1690 furatur

171 1712 228 1752 ad
251 1726 297 1751 se
320 1712 643 1761 inebriandum,
668 1720 805 1762 actus,
829 1728 968 1767 quum
991 1714 1156 1767 duplici
1180 1715 1350 1756 ratione
1371 1716 1586 1760 difformis

172 1780 227 1820 sit
251 1780 411 1832 regulis
435 1795 623 1830 morum,
641 1781 866 1835 duplicem
889 1782 1221 1823 inhonestatem
1235 1782 1381 1833 habet,
1398 1784 1583 1827 alteram

172 1862 230 1889 ex
253 1849 430 1903 objecto
453 1856 530 1890 aut
553 1851 909 1900 circumstantiis,
932 1851 1117 1891 alteram
1142 1865 1200 1891 ex
1222 1851 1318 1893 fine.

234 1928 325 1970 520.
362 1919 538 1959 Deinde
578 1919 640 1971 (b)
671 1920 707 1959 si
740 1919 839 1960 finis
869 1920 925 1960 sit
956 1919 1216 1973 indifferens.
1239 1927 1288 1962 ut
1310 1935 1392 1975 v.g.
1423 1924 1459 1963 si
1483 1924 1583 1977 quis

172 1987 341 2028 furatur
363 1989 419 2028 ad
450 1989 648 2029 taedium
674 1989 887 2042 temporis
920 1989 1225 2038 minuendum,
1249 1996 1375 2031 actus
1408 1993 1584 2033 morali-

172 2063 310 2097 tatem
344 2057 536 2097 desumit
559 2071 616 2098 ex
635 2057 812 2110 objecto
835 2063 880 2098 et
902 2058 1270 2108 ci1·cumstantiis;
1303 2058 1492 2113 ideoque
1523 2075 1582 2102 ex

171 2126 222 2166 iis
260 2126 363 2166 solis
401 2125 542 2166 malus
580 2132 675 2177 est;
708 2140 852 2180 neque
889 2127 1007 2167 enim
1046 2126 1133 2167 alia
1170 2132 1319 2179 potest
1356 2130 1467 2170 ratio
1503 2136 1581 2171 aut

170 2195 416 2236 honestatis
437 2201 513 2235 aut
534 2194 828 2235 inhonestatis
851 2195 894 2235 in
917 2209 970 2235 eo
992 2195 1189 2237 inveniri.

231 2274 323 2316 521.
358 2264 563 2316 Denique
605 2262 661 2317 (c)
706 2264 740 2302 si
783 2263 883 2304 finis
926 2271 992 2304 est
1030 2264 1171 2313 bonus,
1206 2271 1254 2306 ut
1292 2279 1374 2319 mg.
1410 2266 1446 2306 si
1480 2267 1579 2319 quis

168 2331 336 2372 furatur
377 2333 432 2372 ad
485 2345 725 2386 pauperem
777 2331 1114 2382 sublevandum,
1155 2339 1281 2374 actus
1333 2348 1422 2375 non
1474 2334 1576 2376 ideo

167 2399 327 2440 desinit
351 2415 446 2441 esse
471 2400 626 2441 malus.

599 2542 701 2574 ¹Vid.
719 2543 815 2581 infra,
835 2554 892 2574 nn.
911 2543 987 2585 605.
1013 2550 1046 2575 et
1067 2555 1137 2585 seq.
