1716 2729
145 71 186 98 n.
215 58 295 112 12.]
615 57 667 98 de
686 56 867 97 Actibus
889 55 944 95 H
941 53 1124 94 amanis.
1497 46 1547 98 85

144 173 298 214 ficibus
323 173 585 214 Innocentio
609 173 664 212 X.
688 178 732 212 et
753 170 1019 212 Alexandro
1040 168 1146 209 VII.
1166 167 1424 207 damnatam
1457 175 1552 203 esse

144 248 192 282 ut
214 241 470 282 haereticam
501 241 615 281 hanc
637 240 816 281 tertiam
840 254 863 279 e
896 238 1091 291 quinque
1122 233 1320 287 Jansenii
1352 230 1552 285 proposi-

144 311 341 352 tionibus
362 325 371 352 :
415 314 434 330 “
451 310 527 350 Ad
572 309 831 349 merendum
874 307 943 348 vel
993 303 1311 346 demerendum
1353 302 1395 341 in
1438 305 1556 341 statu

146 386 330 420 naturae
353 379 515 431 lapsae,
539 391 626 418 non
655 377 890 430 requiritur
911 375 1092 415 libertas
1125 386 1150 412 a
1184 370 1457 418 necessitate,
1479 368 1555 408 sed

149 447 307 489 sufficit
330 447 512 487 libertas
538 461 563 487 a
584 446 857 487 coactione.’'

207 517 300 556 208.
325 515 560 556 Accedunt
578 514 905 568 propositiones
923 511 1145 565 quaedam
1167 509 1279 549 aliae
1297 521 1322 548 a
1340 505 1557 546 Romanis

151 583 437 625 Pontificibus
460 584 709 624 damnatae.
775 581 849 623 Sic
871 595 954 635 vg.
977 580 1091 620 inter
1116 575 1442 631 propositiones
1465 572 1561 613 Baii

150 654 390 693 damnatas
414 666 439 692 a
463 652 506 693 S.
533 653 611 692 Pio
629 652 681 692 V.
701 658 745 692 et
767 665 792 691 a
815 649 1031 703 Gregorio
1055 647 1191 688 XIII.
1210 644 1430 686 invenitur
1449 641 1559 681 haec

151 725 248 773 39³:
285 721 456 774 “Quod
493 720 740 761 voluntarie
762 719 824 769 fit,
848 717 1022 759 etiarnsi
1056 714 1287 756 necessario
1308 712 1399 760 fiat,
1423 710 1559 750 libere

148 797 299 831 tamen
332 789 383 830 fit
402 787 437 840 ;'’
459 789 565 829 item
587 789 664 829 66³
682 805 688 828 :
722 791 742 808 “
762 787 869 829 Sola
891 784 1094 827 violentia
1117 787 1334 837 repugnat
1362 778 1556 821 libertati

149 858 341 899 hominis
365 857 552 898 naturali
570 855 607 905 ;”
631 864 765 910 atque
786 857 882 907 67³⁹:
906 859 925 875 “
945 855 1099 895 Homo
1114 857 1269 907 peccat
1283 850 1418 890 etiam
1434 848 1558 888 dam-

149 926 358 967 nabiliter
380 927 422 966 in
447 940 500 966 eo
522 926 642 978 quod
665 925 898 966 necessario
929 921 1075 964 facit.”
1135 920 1280 961 Verae
1303 918 1435 971 igitur
1457 921 1560 956 sunt

150 995 476 1049 propositiones
498 994 565 1034 his
597 993 983 1041 contradictoriae,
1016 1005 1105 1040 seu,
1128 989 1224 1029 aliis
1249 987 1406 1036 verbis,
1427 986 1563 1025 homo

153 1063 263 1104 liber
285 1069 351 1103 est
384 1076 471 1102 non
496 1062 640 1103 solum
674 1077 699 1102 a
720 1062 928 1102 coactione
948 1060 1024 1100 sed
1048 1058 1229 1110 insuper
1261 1069 1286 1096 a
1309 1053 1563 1094 necessitate.

215 1142 309 1182 209.
345 1131 414 1171 De
436 1131 659 1171 solvendis
675 1129 1011 1171 difficultatibus
1034 1140 1145 1180 quas
1167 1125 1238 1165 hic
1252 1122 1408 1164 afferre
1421 1122 1566 1162 solent

155 1201 405 1250 adversarii,
426 1200 662 1240 videantur
684 1199 780 1239 TT.
803 1199 878 1251 qui
901 1198 957 1238 de
981 1210 1025 1236 re
1044 1193 1300 1247 dogmatica
1323 1188 1549 1232 tractant.1

216 1280 312 1309 210.
349 1268 499 1321 Quum
532 1281 590 1307 ex
623 1267 752 1307 dictis
785 1271 960 1306 constet
992 1263 1218 1304 hominem
1241 1274 1336 1301 esse
1360 1274 1411 1300 eo
1434 1273 1565 1300 sensu

156 1337 342 1377 liberum
357 1336 476 1388 quod
492 1335 653 1388 eligere
670 1334 816 1375 valeat
839 1340 916 1374 aut
934 1332 1100 1373 bonum
1119 1329 1285 1369 morale
1307 1333 1383 1368 aut
1401 1327 1568 1368 malum

156 1419 232 1446 seu
254 1410 500 1458 peccatum,
535 1403 860 1457 inspiciendum
896 1407 962 1441 est
995 1413 1084 1452 quo
1118 1411 1248 1438 sensu
1272 1396 1365 1436 TT.
1404 1401 1569 1449 negent

156 1471 404 1526 potentiam
422 1470 636 1523 peccandi
659 1483 754 1510 esse
777 1470 832 1510 de
849 1467 1025 1516 ratione,
1047 1479 1123 1507 seu
1146 1465 1202 1506 de
1223 1463 1417 1513 essentia,
1440 1463 1565 1504 liberi

156 1540 341 1582 arbitrii.

217 1620 265 1649 21
281 1619 312 1647 1.
349 1607 464 1647 Rem
486 1607 548 1647 sic
572 1607 708 1647 tradit
733 1605 779 1648 S.
804 1605 1031 1646 Thomas:
1056 1607 1075 1622 “
1096 1603 1230 1642 Posse
1267 1614 1448 1654 peccare
1481 1613 1569 1641 non

157 1683 224 1718 est
259 1676 311 1716 de
343 1675 510 1716 ratione
540 1674 667 1715 liberi
703 1673 896 1722 arbitrii,
938 1673 1015 1713 sed
1057 1670 1344 1723 consequitur
1379 1669 1567 1709 liberum

155 1744 387 1786 arbitrium
429 1742 659 1783 secandum
703 1742 820 1795 quod
855 1748 918 1782 est
958 1741 1002 1781 in
1045 1748 1206 1780 natura
1247 1735 1426 1779 creata.’'
1510 1738 1570 1778 Et

158 1812 338 1866 quidem
391 1825 478 1852 non
524 1811 703 1865 profluit
755 1811 864 1852 haec
906 1815 1106 1863 potestas
1148 1807 1230 1848 nisi
1273 1821 1331 1847 ex
1373 1807 1569 1860 quodam

157 1881 333 1921 defectu
357 1894 434 1920 seu
472 1879 831 1932 imperfectione:
868 1891 1012 1931 neque
1044 1877 1162 1917 enim
1184 1875 1390 1917 voluntas
1421 1880 1570 1929 potest

158 1949 324 1989 malum
348 1948 569 2002 amplecti,
587 1949 669 1988 nisi
687 1949 743 1988 sit
766 1948 885 2001 prius
904 1946 1231 2000 apprehensum
1255 1950 1303 1984 ut
1322 1943 1404 1984 sub
1421 1943 1569 1996 aliqua

158 2018 328 2057 ratione
359 2017 555 2057 bonum:
593 2022 637 2056 et
660 2017 760 2056 ideo
782 2029 871 2056 non
905 2020 1053 2068 potest
1086 2014 1181 2066 ipse
1214 2013 1337 2053 Deus
1375 2024 1569 2064 peccare,

159 2099 302 2139 neque
326 2085 450 2125 Beati
472 2086 516 2125 in
558 2084 703 2125 coelis.
767 2084 994 2138 Quoniam
1017 2096 1121 2123 vero
1152 2082 1356 2122 homines
1377 2080 1567 2120 viatores

158 2154 277 2194 haud
320 2167 416 2194 raro
452 2159 686 2206 peccatum
731 2151 1074 2207 apprehendunt
1115 2150 1197 2191 sub
1240 2150 1411 2190 ratione
1452 2148 1572 2194 boni,

160 2223 260 2262 ideo
297 2222 498 2275 potentia
529 2222 741 2275 peccandi
780 2221 962 2262 omnino
999 2219 1247 2260 essentialis
1285 2224 1352 2258 est
1388 2216 1569 2257 arbitrio

159 2292 297 2332 libero
319 2291 431 2331 sicut
453 2291 496 2330 in
519 2290 773 2331 hominibus
796 2290 1032 2330 invenitur.

204 2394 396 2435 ¹Vi‹1.v.g.
428 2393 582 2429 Perrone.
611 2394 724 2424 Praei.
754 2393 875 2427 leeol.‚
909 2393 965 2422 Tr.
991 2391 1029 2421 de
1052 2391 1121 2421 Deo
1146 2390 1303 2425 Creatore,
1336 2386 1426 2416 Part.
1453 2392 1484 2424 3.
1516 2385 1569 2415 De

159 2438 311 2473 Homine,
337 2437 421 2478 Cap.
447 2443 476 2477 5.
493 2447 611 2478 propp.
637 2445 664 2473 1,
682 2446 741 2476 2.;
780 2437 834 2467 Tr.
865 2436 902 2466 de
935 2435 1051 2466 Gratia
1079 2433 1215 2469 Christi,
1243 2442 1300 2461 nn.
1337 2428 1398 2467 267
1416 2433 1449 2459 et
1481 2437 1567 2469 seq.;

163 2482 311 2522 Murray,
335 2482 444 2512 Tract.
461 2480 498 2511 de
527 2481 654 2517 Gratia,
671 2480 768 2521 Disp.
787 2480 842 2510 vii.
862 2489 918 2510 nn.
936 2486 977 2518 32
993 2484 1025 2509 et
1051 2486 1139 2518 seq.;
1179 2473 1410 2510 Bellarminus,
1434 2471 1566 2503 Contro-

156 2526 290 2562 versiae,
307 2525 360 2556 De
377 2523 493 2555 Gratia
510 2528 542 2555 et
566 2523 687 2555 Libero
704 2523 864 2557 Arbitrio,
882 2522 958 2553 Lib.
978 2529 1009 2561 3.
1029 2531 1101 2562 cap.
1118 2520 1152 2551 6.
