1716 2729
224 94 309 147 256
667 91 965 145 Compendium
994 91 1035 132 T
1032 96 1221 132 ractatus

274 207 492 253 Ignorantia
510 210 647 253 quarto
672 206 788 241 dividi
815 206 935 241 solet'
926 218 963 240 m
989 205 1267 245 antecedentem,
1284 209 1568 250 consequentem,
1585 214 1622 242 et

223 257 556 290 concomitantem:
581 265 677 299 quae
695 260 821 288 tamen
847 253 1033 298 tripartita
1059 252 1192 287 divisio
1217 252 1340 304 potius
1365 264 1432 298 per
1455 253 1550 288 duas
1568 254 1622 288 bi-

224 302 379 348 partitas
385 301 573 363 0explicari
593 302 705 335 debet
726 300 1031 345 [239].1taque
1049 300 1260 345 ignorantia

271 350 341 383 Est
358 347 401 392 40
420 348 632 383 antecedens
649 347 783 393 (priore
801 347 1052 393 sensu)‚quae
1069 357 1190 401 neque
1203 347 1244 380 in
1260 357 1298 380 se
1317 357 1439 391 neque
1456 358 1497 381 zn
1508 359 1620 381 causa

222 402 279 431 est
296 396 530 437 voluntaria;
555 395 614 430 vel
631 406 861 440 consequens,
879 406 986 440 quae,
1001 405 1079 429 Sive
1096 395 1138 428 in
1154 405 1190 427 se
1208 392 1285 427 sive
1303 405 1344 427 zn
1361 405 1474 427 causa
1491 395 1618 428 volun-

223 442 317 478 taria
334 450 402 478 est.
455 441 573 503 [240.]

270 489 444 535 Denique
473 487 511 534 50
533 496 589 524 est
618 488 703 530 (alio
732 487 863 532 sensu)
881 488 1105 530 antecedens,
1122 499 1187 522 seu
1204 487 1299 521 dans
1315 498 1466 521 causam
1484 489 1617 532 operis,

221 548 318 582 quae
335 537 405 571 nis¹
425 537 587 576 adesset,
605 547 680 570 non
708 535 810 570 fieret
829 547 922 580 opus
948 535 995 569 de
1014 546 1087 587 quo
1105 534 1247 579 agitur3
1276 534 1335 568 vel
1359 536 1618 578 concomitans,

221 595 286 618 seu
317 595 392 618 non
417 584 513 617 dans
537 594 688 618 causam
713 583 845 627 operis,
871 593 966 627 quae
990 581 1059 616 etsi
1084 593 1161 616 non
1186 581 1347 624 adesset,
1374 588 1499 616 tamen
1525 593 1620 627 opus

220 631 335 666 fieret.
389 630 485 675 [241.
492 629 508 675 ]

269 701 430 746 QUAER.
458 700 510 744 30.
539 701 731 746 Quaenam
756 700 981 734 conditiones
1005 700 1253 744 requirantur
1276 702 1319 733 ut
1334 699 1553 743 ignorantia
1569 700 1622 733 sit

219 749 411 782 vincibilis
423 749 442 782 ?

267 811 386 845 RESP.
414 809 629 855 Requiritur
650 809 688 844 1⁰
706 818 743 844 ut
757 812 882 855 presto
895 811 973 844 sint
983 809 1104 844 media
1118 809 1366 854 ignorantiam
1379 809 1590 855 depellendi
1605 821 1613 851 ς

219 862 256 891 2⁰
275 864 314 892 ut
331 869 376 892 ea
394 857 572 892 adhibere
591 869 664 891 non
681 859 873 902 exsuperet
887 857 1124 902 diligentiam
1148 858 1355 898 moralem;
1380 861 1428 900 3⁰,
1446 857 1475 891 si
1495 857 1616 901 agitur

217 904 265 938 de
282 904 492 949 ignorantia
516 905 706 949 culpabili,
731 904 926 949 requiritur
951 911 990 938 ut
1008 903 1054 939 sit
1080 904 1255 948 obligatio
1280 915 1325 938 ea
1350 903 1616 938 adhibendi.—

220 951 395 986 Conditio
419 956 453 986 1⁸
469 951 582 996 exigit
600 958 639 986 ut
665 952 701 985 in
720 958 884 986 mentem
911 951 1052 985 venerit
1079 951 1268 995 cogitatio,
1286 962 1350 985 seu
1369 951 1613 994 advertentia,

217 998 351 1033 saltem
384 997 551 1039 confusa,
584 1004 663 1032 tum
698 998 812 1043 ipsius
845 997 1089 1042 ignorantiae,
1123 1004 1201 1032 tum
1235 998 1444 1032 mediorum
1477 997 1612 1043 quibus

215 1045 351 1090 depelli
370 1046 498 1090 possit.
550 1045 725 1080 Conditio
744 1049 782 1088 3a
799 1045 949 1090 respicit
976 1045 1242 1089 obligationem
1262 1056 1335 1090 qua
1361 1044 1443 1089 quis
1462 1051 1609 1079 tenetur

216 1103 293 1126 rem
312 1092 417 1133 scire,
437 1093 514 1127 sive
532 1093 694 1126 absolute
711 1098 747 1126 et
758 1094 828 1144 per
844 1104 889 1135 se,
909 1092 986 1126 sive
1003 1093 1044 1125 in
1062 1093 1192 1126 ordine
1207 1092 1260 1126 aa'
1272 1092 1450 1126 actionem
1463 1105 1476 1126 .·
1502 1092 1613 1136 plane

215 1138 328 1184 exigit
347 1140 531 1174 actualem
550 1140 658 1184 hujus
677 1120 915 1183 obligationis
929 1138 1194 1183 cogitationem
1210 1145 1246 1173 et
1264 1138 1348 1173 ideo
1364 1139 1538 1182 neganda
1556 1146 1612 1173 est

214 1186 402 1221 sententia
419 1198 547 1221 eorum
566 1198 628 1232 qui
647 1187 833 1220 docebant
852 1186 1077 1231 culpabilem
1096 1197 1244 1230 semper
1261 1197 1344 1219 esse
1362 1185 1612 1238 ignorantiam

216 1244 346 1267 eorum
374 1245 470 1279 quae
499 1234 547 1267 ad
578 1234 766 1278 proprium
796 1233 974 1278 cujusque
1001 1244 1135 1267 munus
1166 1239 1357 1277 spectent3
1386 1233 1513 1272 immo,
1540 1243 1611 1266 nec

213 1280 348 1315 sufficit
365 1280 598 1315 adveitentia
615 1281 784 1325 cujusvis
796 1279 1034 1324 obligationis
1047 1279 1251 1314 adhibendi
1270 1291 1315 1313 ea
1332 1278 1457 1313 media
1475 1278 1611 1324 quibus

212 1326 371 1361 scientia
388 1327 528 1372 acquiri
547 1334 690 1372 potest3
718 1327 914 1372 requiritur
931 1327 1030 1361 enim
1058 1326 1291 1361 advertentia
1308 1326 1547 1370 obligationis
1565 1337 1611 1362 ea.

212 1374 417 1408 adhibendi
437 1379 479 1408 ut
492 1375 614 1408 media
632 1373 810 1408 scientiae
827 1373 1088 1419 acquirendae.
1138 1372 1341 1419 [242-251.]

260 1421 426 1467 Ideoque
455 1421 601 1456 duobus
628 1420 751 1455 modis
777 1427 901 1465 potest
935 1432 1018 1455 esse
1049 1420 1259 1465 ignorantia
1291 1420 1523 1454 z'nvincz'bilzlt
1536 1435 1547 1454 .-
1577 1425 1611 1454 10

211 1479 325 1513 quum
343 1469 444 1503 nullo
462 1469 575 1503 modo
588 1469 624 1502 in
643 1477 810 1502 mentem
822 1467 962 1503 venerit
975 1467 1140 1511 cogitare
1158 1467 1205 1502 <le
1219 1467 1392 1512 opposito
1408 1481 1416 1507 ;
1444 1472 1480 1501 2ο
1494 1479 1609 1512 quum

209 1515 279 1549 etsi
299 1515 335 1550 in
362 1522 527 1550 mentem
552 1516 707 1553 venerit,
726 1522 851 1549 tamen
877 1515 1005 1549 debita
1030 1514 1224 1559 diligentia
1249 1514 1402 1549 omnino
1428 1514 1611 1555 adhibita,

211 1562 422 1606 ignorantia
440 1562 577 1608 depelli
595 1573 671 1596 non
689 1569 822 1607 potest.
878 1561 994 1606 [252]

258 1634 419 1678 QUAER.
445 1639 492 1675 4⁰.
521 1633 586 1667 An
599 1634 695 1678 fieri
709 1635 833 1678 possit
848 1637 892 1667 ut
914 1634 1135 1679 ignorantia
1158 1644 1253 1678 quae
1271 1634 1386 1677 pm'us
1411 1633 1609 1678 culpabilis

206 1681 325 1717 fuerit
332 1683 462 1725 postea
478 1680 712 1725 inculpabilis
727 1681 865 1715 evadat
873 1681 893 1714 ,ἲ

257 1744 375 1778 RESP.
424 1743 657 1778 Affirmative
677 1755 684 1779 :
709 1743 810 1789 quod
828 1743 867 1778 fit
886 1743 1031 1789 quoties
1049 1743 1155 1779 deest
1181 1755 1295 1778 unum
1314 1755 1359 1778 ex
1385 1743 1502 1778 tribus
1525 1743 1604 1788 jam

208 1790 397 1835 expositis.
447 1789 651 1836 [253-255.]

255 1861 496 1901 ANTEQUAM
522 1861 717 1896 tradantur
741 1860 933 1906 principia,
961 1862 1259 1906 praenotandum
1286 1869 1343 1896 est
1365 1867 1398 1896 1⁰
1426 1863 1607 1906 Ignoran-

208 1908 299 1941 tiam
325 1920 400 1942 non
428 1909 573 1942 efficere
605 1918 641 1942 ut
672 1908 940 1942 involuntarius
971 1909 1017 1943 sit
1048 1909 1249 1943 voluntatis
1274 1917 1378 1943 actus
1404 1910 1605 1943 secundum

205 1955 453 1989 substantiam
479 1962 693 1999 spectatus;
720 1967 842 1989 sermo
861 1956 971 1999 igitur
996 1963 1052 1990 est
1071 1963 1216 1990 tantum
1242 1956 1289 1990 de
1314 1958 1608 1991 circumstantiis

206 2008 324 2041 actus,
341 2010 404 2036 aut
424 2002 470 2035 de
489 2002 567 2046 ejus
585 2002 775 2046 ffctibus.
827 2001 943 2046 [256]

256 2053 292 2082 20
322 2050 576 2092 Ignorantiam
596 2061 670 2082 non
689 2049 877 2083 adversari
905 2049 1114 2084 voluntario
1131 2049 1202 2084 nisi
1230 2059 1414 2095 quatenus
1432 2050 1604 2085 excludat

204 2097 397 2129 sclentiam
416 2096 465 2129 rei
485 2097 678 2138 actualem,
698 2108 762 2130 seu
780 2097 1067 2130 advertentiam.
1117 2095 1210 2142 [257.
1218 2096 1233 2140 ]

256 2147 291 2185 30
319 2143 587 2187 Quaestionem
615 2143 774 2177 hicnon
801 2155 898 2183 esse,
921 2150 1105 2198 quatenus
1131 2155 1175 2178 ea
1201 2155 1296 2189 quae
1323 2156 1366 2178 ex
1392 2143 1604 2186 ignorantia

205 2189 389 2233 piofluant
417 2189 558 2224 censeii
585 2189 747 2224 debeant
774 2191 981 2224 voluntaria
1004 2202 1045 2224 zn
1074 2202 1197 2231 causa,
1223 2202 1318 2236 quae
1346 2198 1424 2225 erat
1450 2190 1603 2224 omissio

204 2236 421 2280 diligentiae
450 2236 748 2281 praemittendae
782 2237 847 2281 (de
873 2249 946 2282 quo
981 2236 1071 2271 satis
1098 2249 1208 2272 antea
1239 2237 1378 2272 dictum
1407 2238 1501 2280 est);
1541 2237 1602 2271 hic

207 2294 295 2317 vero
315 2283 615 2327 investigandum
636 2295 718 2318 esse
738 2295 783 2317 an
804 2293 839 2318 et
858 2291 1041 2329 quatenus
1067 2285 1278 2328 ignorantia
1295 2285 1477 2328 ᾳῑιιτυιιιίιι
1494 2285 1605 2318 duret

203 2331 326 2364 obstet
355 2331 552 2375 quominus
581 2342 625 2364 ea
655 2342 750 2375 quae
782 2331 871 2365 fiant
900 2331 1062 2365 debeant
1092 2336 1182 2365 tunc
1206 2332 1414 2366 voluntaria
1442 2331 1598 2366 censeri.

206 2375 324 2421 [258]
377 2378 520 2421 Quibus
541 2378 768 2421 praemissis,
788 2378 833 2412 sit

252 2448 508 2482 PRINCIPIUM
532 2449 557 2482 Ι.
586 2449 811 2491 lffnorantza
829 2449 1013 2483 vincibilis
1033 2461 1106 2483 non
1123 2450 1224 2484 tollit
1240 2450 1510 2484 volmztarzum.

252 2495 521 2529 praetermisso
549 2504 769 2538 argumento
799 2507 872 2548 quo
903 2496 1066 2540 theologi
1097 2508 1218 2530 comn
1224 2499 1345 2531 uniter
1380 2497 1598 2541 principium

202 2541 274 2575 hoc
292 2541 549 2576 demonstrare
569 2543 700 2581 solent,
719 2542 940 2588 principium
967 2543 1090 2588 potius
1117 2544 1300 2578 stabilitur
1318 2555 1361 2578 ex
1379 2555 1423 2577 eo
1443 2544 1567 2587 quod
1561 2555 1597 2577 in
