1716 2729
115 69 187 97 nn.
213 64 247 106 5,
267 54 326 107 6.]
572 49 622 90 de
642 47 822 89 Actibus
843 44 1076 86 Humanis.
1457 50 1513 93 29

177 172 243 221 87.
267 166 646 213 Resolves.-—1⁰
669 164 722 204 In
740 161 896 202 eodem
914 165 1014 200 actu
1032 157 1182 198 haberi
1197 163 1345 210 potest
1361 155 1514 197 volun-

119 240 278 279 tarium
301 236 346 275 in
365 248 419 283 se,
438 231 734 273 voluntarium
766 228 811 268 in
832 241 973 274 causa,
994 233 1126 278 atque
1174 224 1515 265 involuntarium

122 314 215 347 tum
252 301 477 357 privative
522 304 749 351 sumptum
798 301 893 336 tum
934 294 1121 347 positive
1172 307 1249 333 seu
1290 291 1515 332 contrarie.

125 371 424 425 Exemplum:
459 368 602 408 Titius
637 365 862 406 inimicum
900 375 1027 403 suum
1067 361 1224 404 Caium
1261 360 1518 413 aggreditur

125 456 224 483 cum
247 437 438 494 periculo
462 434 666 476 laedendi
690 433 824 473 etiam
848 432 1045 481 Paulum,
1068 430 1163 472 Caii
1186 429 1366 476 socium,
1389 439 1521 480 quem

127 511 264 553 cernit
305 507 427 548 illum
469 506 784 552 comitantem3
838 501 1012 554 glande,
1053 504 1227 552 praeter
1274 503 1523 551 utrumque,

130 579 227 619 ferit
265 576 507 617 Martinum
551 587 600 613 ac
644 571 955 624 Sempronium
999 582 1109 621 quos
1145 567 1204 607 ibi
1246 578 1342 605 esse
1383 578 1524 616 neque

129 646 252 686 videt
285 656 427 696 neque
464 640 676 693 suspicari
707 643 866 692 potest.
928 636 1002 677 Sic
1030 634 1162 676 Caius
1194 632 1437 687 percutitur
1469 645 1525 672 ex

130 712 377 755 voluntario
427 710 474 750 in
523 723 565 749 se
581 724 600 756 ,·
647 707 820 756 Paulus,
865 719 923 745 ex
970 702 1221 744 voluntario
1269 701 1314 741 in
1363 714 1526 747 causa,-

134 781 352 822 Martinus
375 784 418 819 et
451 775 752 829 Sempronius,
774 774 868 814 sine
900 771 990 812 ullo
1021 770 1297 811 voluntario:
1340 768 1459 820 quod
1493 768 1529 806 si

134 849 278 890 Titius
320 853 386 887 est
431 845 579 885 animo
630 844 693 883 ita
735 841 918 882 affectus
973 844 1021 879 ut
1062 851 1198 878 unum
1241 850 1299 876 ex
1340 836 1407 886 iis,
1449 848 1530 887 vg.

136 917 392 964 Martinum‚
423 913 543 954 haud
579 924 710 964 aegre
745 914 992 963 percuteret
1032 905 1068 946 si
1109 909 1395 958 cognosceret
1430 916 1530 943 eum

136 986 304 1033 adesse,
343 983 530 1023 alterum
571 993 675 1020 vero
718 976 1030 1030 Sempronium
1073 979 1301 1026 percutere
1352 972 1533 1011 omnino

139 1053 288 1102 nollet,
339 1050 558 1091 Martinus
609 1046 851 1101 percutitur
903 1058 964 1084 ex
1015 1039 1309 1082 involuntario
1359 1044 1533 1079 tantum

130 1120 353 1176 privative
394 1123 586 1170 sumpto,
628 1113 918 1164 Sempronius
970 1124 1085 1160 vero,
1135 1123 1193 1148 ex
1244 1106 1536 1147 involuntario

141 1193 318 1242 insuper
327 1186 514 1240 positive
533 1199 609 1225 seu
630 1182 849 1224 contrarie.

202 1261 256 1299 2⁰.
291 1256 378 1309 Qui
400 1254 607 1294 inductus
630 1251 777 1303 aliquo
800 1249 967 1289 motivo
989 1246 1126 1287 violat
1147 1249 1432 1297 praeceptum
1455 1242 1537 1280 sub

146 1326 265 1381 gravi
288 1324 418 1376 culpa
438 1322 654 1374 obligans,
670 1317 842 1358 etiamsi
875 1315 1024 1356 animo
1045 1314 1103 1354 sit
1123 1313 1185 1353 ita
1216 1311 1398 1352 affectus
1420 1315 1481 1358 ut,
1503 1309 1538 1347 si

144 1395 320 1435 abesset
343 1391 558 1430 motivum
582 1387 702 1435 illud,
724 1390 1010 1438 praeceptum
1044 1394 1133 1421 non
1154 1379 1350 1426 violaret,
1375 1382 1418 1417 et
1439 1377 1540 1416 ideo

146 1459 474 1513 transgrediens
497 1456 603 1496 illud
636 1467 766 1506 aegre
797 1457 915 1506 agat,
937 1457 1087 1491 tamen
1121 1447 1245 1501 ponit
1267 1452 1416 1486 actum
1436 1444 1541 1484 sim-

137 1530 312 1584 pliciter
345 1524 642 1568 voluntarium
674 1522 736 1575 (n.
764 1523 863 1573 58.),
895 1525 938 1560 et
967 1520 1080 1566 ideo,
1112 1517 1155 1556 in
1188 1514 1373 1555 materia
1405 1512 1540 1565 gravi,

149 1598 338 1652 graviter
355 1592 712 1648 peccaminosum
731 1603 740 1639 ;
761 1589 853 1642 agit
870 1587 988 1627 enim
1008 1598 1106 1627 cum
1122 1585 1253 1636 plena
1269 1581 1543 1622 advertentia

150 1665 397 1707 intellectus
439 1668 571 1714 atque
620 1672 720 1699 cum
771 1655 1013 1697 voluntatis
1064 1664 1282 1693 consensu
1333 1648 1540 1702 perfecto.

155 1731 426 1787 Hujusmodi
447 1736 597 1770 tamen
620 1732 743 1768 actus
765 1732 832 1765 est
855 1720 1173 1764 z'nvolmztarins
1192 1718 1419 1759 secundum
1440 1715 1548 1769 quid

153 1811 243 1856 (nn.
266 1811 336 1854 47,
363 1801 464 1851 58.),
481 1804 524 1839 et
555 1798 655 1837 ideo
683 1795 827 1835 minus
849 1791 1081 1846 culpabilis
1105 1787 1480 1840 evadit.1—Qu0d
1512 1786 1547 1825 si

159 1871 374 1911 motivum
408 1867 514 1908 illud
547 1865 608 1906 ita
639 1865 682 1904 in
705 1869 912 1917 agentem
944 1860 1098 1901 influat
1130 1865 1178 1898 ut
1208 1857 1388 1897 rationis
1420 1867 1547 1895 usum

157 1939 286 1980 valde
319 1934 557 1990 perturbet,
595 1938 727 1986 atque
764 1929 1083 1972 advertentiam
1118 1926 1335 1978 relinquat
1375 1928 1547 1963 tantum

160 2005 450 2058 semiplenam
491 2001 626 2055 (quod
669 2000 848 2053 quidem
892 1996 1130 2050 aliquando
1172 1993 1263 2033 fieri
1305 1997 1462 2045 potest,
1504 1995 1550 2028 ut

160 2073 283 2122 infra,
305 2078 486 2125 agentes
510 2070 565 2110 de
589 2068 729 2117 Metu,
745 2064 1026 2117 videbimus),
1039 2067 1269 2116 peccatum
1294 2066 1360 2101 est
1377 2064 1550 2099 tantum

107 2159 111 2163 ·
161 2141 330 2184 veniale
349 2155 358 2180 :
390 2141 540 2190 immo,
560 2143 610 2179 ut
631 2137 796 2177 ibidem
827 2134 1088 2182 videbimus,
1111 2138 1247 2178 actus,
1270 2130 1343 2183 qui
1376 2129 1436 2168 ita
1459 2139 1553 2180 per-

163 2210 321 2260 ficitur,
344 2207 526 2248 omnino
549 2220 574 2246 a
595 2204 727 2257 culpa
758 2202 967 2243 immunis
989 2206 1067 2250 est,
1089 2201 1124 2240 si
1157 2212 1260 2239 usus
1294 2196 1475 2238 rationis
1498 2193 1554 2233 sit

163 2279 226 2318 ita
247 2275 526 2329 perturbatus
559 2279 606 2314 ut
638 2285 774 2324 agens
796 2270 917 2310 nullo
950 2268 1085 2309 modo
1117 2267 1172 2307 ad
1196 2271 1319 2306 actus
1351 2263 1555 2303 inhones-

167 2352 306 2386 tatem
330 2343 545 2384 advertat.

214 2516 226 2541 ¹
250 2517 332 2549 Vid.
352 2515 388 2547 S.
408 2514 526 2557 Alph.‚
546 2513 622 2545 Lib.
641 2521 673 2545 2.
691 2516 754 2544 art.
770 2511 806 2543 ii.
825 2521 860 2542 n.
877 2517 915 2541 21
934 2518 942 2547 ;
969 2508 1104 2550 Sporer‚
1124 2506 1236 2537 Tract.
1258 2511 1287 2534 1.
1308 2511 1382 2543 cap.
1400 2500 1435 2532 ii.
1453 2509 1487 2530 n.
1509 2503 1562 2538 51.
