1716 2729
161 112 176 140 Ι
184 101 241 152 46
738 102 776 141 T
774 108 966 142 ractatns
1388 101 1568 156 [GURV,

214 218 308 270 389.
343 218 502 272 Neque
523 223 673 259 tamen
705 232 762 258 ex
795 218 878 258 hac
917 217 1069 271 regula
1102 218 1361 259 secundaria
1402 218 1569 272 pendet

154 287 381 327 moralitas
417 287 604 329 actionis
641 288 684 327 in
718 302 765 327 se
802 293 1043 340 spectatae,
1065 288 1142 328 sed
1167 294 1341 329 tantum
1365 302 1417 328 ea
1454 302 1570 342 quae

154 356 316 407 agenti,
350 356 441 397 sive
478 356 522 396 in
551 356 743 410 culpam,
782 356 874 396 sive
911 356 954 395 in
990 356 1181 406 laudem,
1213 357 1450 397 tribuenda
1484 362 1565 398 est.

154 421 289 475 Quod
323 430 371 464 ut
407 424 692 478 intelligatur,
717 424 1005 465 recolendum
1039 430 1106 465 est
1138 439 1197 465 ex
1235 431 1370 465 antea
1396 424 1457 479 (n.
1479 425 1566 478 42.)

152 491 283 532 dictis
315 484 421 532 nihil
441 506 570 544 posse
585 493 734 545 agenti
757 499 805 533 ut
827 493 1128 534 voluntarium
1148 493 1281 534 tribui
1304 494 1424 546 quod
1447 494 1567 547 prius

153 573 241 599 non
271 560 329 601 sit
360 561 417 601 ab
446 560 672 600 intellectu
696 561 926 613 cognitum
951 575 959 601 :
996 561 1110 601 adeo
1133 567 1181 602 ut
1204 562 1239 601 si
1275 562 1373 614 quis
1411 575 1565 602 carnes

151 627 258 669 feria
285 635 416 669 sexta
450 629 645 669 comedit
668 629 850 669 minime
889 629 1121 682 suspicans
1160 631 1279 671 diem
1303 645 1398 671 esse
1431 631 1567 672 absti-

150 697 338 748 nentiae,
379 698 488 738 haec
530 698 660 747 actio,
703 697 785 738 etsi
822 698 867 738 in
901 712 981 738 suo
1023 712 1119 738 esse
1149 698 1324 751 pliysico
1365 706 1568 754 spectata

150 765 333 806 omnino
356 766 604 807 voluntaria
626 772 704 816 est,
721 772 925 820 spectata
942 773 1093 807 tamen
1110 767 1152 806 in
1176 781 1256 807 suo
1279 782 1376 809 esse
1397 769 1566 819 morali,

148 846 223 874 seu
247 840 465 886 quatenus
488 834 725 875 inhonesta
746 841 825 885 est,
848 836 1030 876 omnino
1053 835 1351 877 involuntaria
1373 837 1441 877 sit.
1507 837 1567 878 Et

147 901 248 942 ideo
282 916 369 942 non
404 909 554 956 potest
595 903 815 956 ejusmodi
855 904 965 957 legis
1004 905 1301 957 transgressio
1335 906 1488 959 agenti
1521 906 1565 946 in

147 971 324 1026 culpam
348 974 492 1014 tribui.

207 1052 303 1095 390.
336 1042 521 1096 Duplex
543 1042 678 1096 igitur
699 1043 1017 1096 distinguenda
1048 1050 1115 1083 est
1137 1044 1363 1085 actionum
1388 1044 1567 1085 morali-

146 1115 244 1161 tas;
287 1110 491 1163 objectiva
533 1117 576 1152 et
627 1110 873 1164 subjectiva.
959 1111 1190 1153 Moralitas
1243 1112 1445 1165 objectiva
1487 1128 1564 1156 seu

146 1179 389 1220 materialis
411 1193 463 1220 ea
485 1186 551 1220 est
575 1194 688 1233 quae
711 1180 772 1220 ita
796 1180 911 1221 inest
935 1181 1100 1221 actioni
1125 1181 1170 1221 in
1192 1195 1235 1221 se
1255 1187 1495 1234 spectatae,
1516 1189 1566 1224 ut

146 1262 235 1288 non
257 1249 451 1302 pendeat
485 1262 543 1288 ex
579 1249 714 1289 modo
748 1262 837 1302 quo
875 1249 990 1289 actio
1029 1249 1086 1289 ab
1122 1256 1283 1303 agente
1317 1251 1564 1304 apprehen-

144 1318 305 1367 datur;
346 1317 409 1358 sic
450 1331 531 1369 vg.
569 1331 721 1358 carnes
753 1319 1000 1367 comedere,
1037 1331 1175 1371 quum
1220 1318 1317 1372 lege
1353 1320 1564 1361 ecclesiae

145 1386 419 1440 prohibetur,
459 1393 526 1428 est
563 1387 680 1428 actio
721 1386 880 1428 saltem
924 1387 1218 1428 materialiter
1255 1403 1332 1430 seu
1370 1390 1566 1443 objective

146 1455 273 1496 mala.
338 1456 572 1497 Moralitas
593 1456 826 1510 subjectiva
848 1470 925 1497 seu
957 1456 1182 1506 formalis1
1205 1471 1257 1497 ea
1279 1464 1345 1499 est
1367 1473 1480 1512 quae
1503 1460 1565 1501 ita

144 1524 257 1565 inest
279 1525 442 1565 actioni
475 1531 524 1565 ut
556 1526 751 1579 pendeat
783 1540 841 1566 ex
874 1526 1010 1567 modo
1043 1540 1133 1580 quo
1166 1527 1282 1567 actio
1315 1527 1371 1567 ab
1402 1534 1564 1581 agente

143 1594 503 1647 apprehendatur
520 1610 528 1636 :
551 1596 613 1635 sic
635 1609 714 1648 vg.
739 1609 891 1635 carnes
910 1596 981 1636 die
1000 1596 1298 1636 abstinentiae
1316 1598 1561 1649 comedere,

144 1676 233 1704 non
256 1663 400 1704 solum
423 1664 715 1704 materialiter
732 1677 808 1704 seu
830 1663 1036 1716 objective,
1059 1664 1135 1704 sed
1160 1664 1294 1704 etiam
1307 1665 1568 1716 formaliter

143 1745 220 1772 seu
242 1732 475 1785 subjective,
498 1732 665 1772 malum
690 1738 756 1772 est
779 1732 822 1771 in
846 1745 898 1772 eo
921 1732 1009 1785 qui,
1033 1745 1172 1786 quum
1196 1733 1307 1773 sciat
1329 1734 1447 1774 diem
1467 1748 1562 1776 esse

144 1800 453 1850 abstinentiae,
485 1801 585 1841 ideo
630 1799 926 1853 apprehendit
971 1801 1193 1841 actionem
1241 1808 1289 1843 ut
1333 1802 1430 1855 lege
1461 1818 1562 1857 pro-

142 1868 361 1919 hibitam;
395 1875 440 1909 at
472 1883 576 1909 vero
607 1868 834 1921 subjective
870 1883 946 1910 seu
979 1870 1235 1918 formaliter
1271 1871 1439 1913 malum
1471 1887 1560 1914 non

144 1944 223 1987 est,
245 1938 322 1979 sed
355 1938 522 1979 bonum
558 1943 635 1978 aut
671 1937 829 1978 saltem
867 1937 1137 1989 indifferens,
1163 1940 1206 1980 in
1246 1955 1297 1981 eo
1331 1941 1406 1994 qui
1441 1942 1560 1983 diem

145 2020 241 2047 esse
262 2006 558 2048 abstinentiae
581 2006 704 2046 nullo
728 2007 863 2047 modo
885 2007 1150 2059 suspicatur.

206 2086 298 2127 391.
333 2075 558 2128 Quoniam
601 2088 704 2115 vero
748 2088 803 2115 ne
844 2075 940 2128 ipsa
988 2076 1170 2129 quidem
1211 2077 1443 2131 szcly'ectiva
1482 2093 1559 2121 seu

133 2143 352 2197 formalis
372 2143 599 2184 moralitas
631 2149 780 2196 potest
813 2157 908 2184 esse
940 2144 1023 2184 nisi
1056 2145 1254 2198 „profluat
1286 2161 1311 2187 a
1343 2146 1441 2200 lege
1472 2147 1559 2189 Dei

146 2219 338 2263 aeterna,
358 2212 459 2253 ideo
482 2212 705 2266 duplicem
736 2211 956 2265 ejusmodi
980 2212 1124 2266 legem
1147 2214 1428 2268 distinguunt
1451 2216 1560 2269 TT.,

145 2282 449 2323 antecedentem
473 2286 517 2321 et
537 2287 861 2333 consequentem.
928 2281 1027 2321 Lex
1050 2283 1293 2323 antecedens
1314 2298 1365 2325 ea
1387 2291 1453 2325 est
1470 2298 1559 2337 qua

191 2435 282 2465 ¹Vix
309 2445 393 2476 opus
417 2439 466 2466 est
497 2433 761 2465 animadvertere
784 2445 882 2466 voces
902 2436 1067 2476 formalis
1097 2441 1130 2468 et
1150 2439 1357 2479 formaliter,
1376 2450 1479 2481 quum
1502 2439 1557 2471 hic

147 2482 362 2519 opponuntur
376 2478 514 2510 vocibus
537 2477 718 2509 materialis
739 2482 772 2509 et
800 2479 1029 2518 materialiter,
1049 2481 1135 2511 sumi
1158 2492 1254 2514 sensu
1271 2482 1409 2514 omnino
1425 2483 1557 2514 diverso

147 2521 190 2552 ab
207 2532 247 2552 eo
263 2532 330 2563 quo
356 2532 466 2563 supra.
486 2532 519 2552 n.
534 2520 608 2561 380.
625 2531 734 2553 sermo
758 2526 826 2553 erat
858 2522 900 2553 de
932 2523 1123 2556 moralitate
1141 2525 1290 2566 formali
1319 2525 1393 2568 (seu
1421 2527 1556 2568 proprie

145 2564 265 2606 dicta),
282 2576 368 2607 quae
382 2564 596 2607 distinguitur
611 2576 631 2596 a
646 2564 835 2597 moralitate
848 2566 1003 2607 engt'tiva
1015 2577 1072 2599 seu
1089 2569 1239 2602 radicati.
