1716 2729
617 99 660 134 et
675 91 1035 145 propositionum.
1477 105 1559 146 241

157 205 275 246 dona
292 206 377 246 Dei
398 213 448 247 ut
470 221 558 247 non
579 208 669 248 sint
685 207 820 248 etiam
842 206 961 247 bona
977 207 1114 260 ipsius
1130 206 1362 260 justificati
1379 209 1563 259 merita;

156 279 234 314 aut
263 274 408 327 ipsum
434 274 740 326 justificatum,
760 274 888 314 bonis
919 275 1139 327 operibus,
1161 288 1276 328 quae
1306 275 1363 315 ab
1394 289 1448 316 eo
1478 289 1559 330 per

157 341 245 382 Dei
273 343 476 395 gratiam,
499 350 544 384 et
577 343 685 395 Jesu
709 342 871 383 Christi
909 343 1127 391 meritum,
1151 343 1276 395 cujus
1308 343 1559 384 membrum

158 416 239 459 est,
274 409 398 458 fiunt,
435 425 524 450 non
556 424 658 450 vere
691 411 847 450 mereri
884 417 1175 463 augmentum
1207 413 1388 463 gratiae,
1422 412 1559 451 vitam

155 484 395 527 aeternam,
415 485 461 519 et
494 479 631 531 ipsius
665 479 784 518 vitae
820 486 1037 525 aeternae,
1073 479 1110 518 si
1145 485 1297 518 tamen
1335 480 1379 518 in
1415 480 1560 532 gratia

152 545 399 595 decesserit,
421 547 794 594 consecutionem,
817 553 952 599 atque
984 546 1121 586 etiam
1154 546 1322 599 gloriae
1343 560 1558 600 augmen-

151 618 276 664 tum;
306 614 547 654 anathema
567 615 636 654 sit.
696 613 809 654 [bid.
835 613 943 655 Can.
967 625 1037 665 32.

180 772 216 813 3.
249 761 319 803 De
359 761 622 805 Contritiotte
654 777 708 803 ex
739 763 867 803 flletu
911 762 1135 803 Gelzcmtae
1183 762 1321 803 elicito
1360 761 1525 817 [Tract.

683 845 754 871 nn.
786 842 882 883 343,
902 831 1022 884 648]

207 915 338 957 Illam
377 930 482 957 vero
521 917 832 958 contritionem
866 916 1186 970 imperfectam,
1224 931 1340 970 quae
1383 917 1555 958 attritio

146 983 319 1034 dicitur,
346 985 557 1038 quoniam
578 985 648 1025 vel
679 999 739 1025 ex
774 986 1061 1038 turpitudinis
1098 986 1267 1038 peccati
1302 985 1551 1026 considera-

145 1051 279 1099 tione,
301 1053 370 1093 vel
392 1066 451 1093 ex
485 1054 715 1106 gehennae
737 1060 782 1093 et
817 1066 1060 1106 poenarum
1099 1060 1234 1102 metu,
1255 1053 1552 1094 communiter

145 1120 403 1173 concipitur,
443 1122 479 1161 si
518 1121 794 1161 voluntatem
826 1121 1039 1174 peccandi
1082 1121 1307 1170 excludat,
1339 1134 1441 1162 cum
1471 1135 1551 1175 spe

144 1188 310 1237 veniae,
331 1187 505 1241 [sancta
537 1188 753 1241 synodus]
775 1189 972 1230 declarat
1003 1202 1093 1228 non
1115 1189 1260 1229 solum
1294 1202 1384 1229 non
1405 1188 1551 1230 facere

143 1252 369 1295 hominem
391 1255 684 1309 hypocritam,
697 1264 741 1296 et
764 1257 906 1309 magis
925 1265 1221 1310 peccatorem,
1240 1270 1393 1296 verum
1410 1258 1546 1298 etiam

142 1322 301 1362 donum
322 1323 412 1363 Dei
428 1337 535 1371 esse,
558 1331 603 1364 et
625 1323 824 1376 Spiritus
851 1325 993 1364 sancti
1021 1324 1266 1376 impulsum,
1287 1337 1377 1364 non
1399 1325 1547 1366 adhuc

142 1388 323 1440 quidem
339 1389 641 1438 inhabitantis,
662 1390 740 1430 sed
761 1396 938 1430 tantum
957 1390 1189 1438 moventis,
1207 1403 1296 1443 quo
1311 1391 1546 1443 poenitens

141 1455 322 1508 adjutus
342 1457 460 1497 viam
492 1457 574 1497 sibi
596 1458 653 1497 ad
686 1457 906 1509 justitiam
927 1464 1068 1512 parat.
1132 1457 1193 1498 Et
1214 1459 1418 1511 quamvis
1449 1459 1545 1500 sine

140 1533 418 1565 sacramento
441 1525 745 1565 Poenitentiae
778 1539 857 1579 per
891 1539 940 1566 se
971 1527 1028 1566 ad
1050 1525 1416 1578 justificationem
1446 1540 1544 1580 per·

140 1591 303 1632 ducere
323 1600 604 1646 peccatorem
627 1601 832 1646 nequeat,
855 1600 1007 1634 tamen
1038 1607 1141 1634 eum
1163 1593 1227 1633 ad
1241 1593 1333 1634 Dei
1340 1595 1545 1646 gratiam

139 1659 184 1699 in
249 1668 527 1700 sacramento
590 1661 898 1701 Poenitentiae
964 1661 1282 1714 impetrandam
1342 1662 1541 1715 disponit.

139 1726 267 1768 Si-:ss
295 1739 356 1779 14
380 1729 448 1768 De
479 1728 578 1769 δαί.
601 1728 908 1770 poenitentiae.
944 1728 1052 1782 Cap.
1073 1742 1112 1779 4

197 1853 246 1895 Si
277 1853 376 1906 quis
409 1855 574 1895 dixerit
614 1868 713 1894 eam
748 1854 1062 1895 contritionem
1095 1868 1211 1907 quae
1245 1862 1427 1908 paratur
1459 1869 1543 1909 per

136 1922 472 1970 discussionem,
509 1922 830 1968 collectionem,
867 1929 916 1962 et-
945 1923 1290 1963 detestationem
1331 1930 1538 1975 peccato-

136 2002 246 2037 rum,
285 2002 375 2041 qua
412 1990 512 2042 quis
551 1990 771 2042 recogitat
810 2003 951 2030 annos
993 2003 1097 2030 suos
1149 1990 1193 2029 in
1237 1991 1539 2032 amaritudine

136 2055 311 2095 animae
325 2068 443 2104 suae,
461 2057 750 2109 ponderando
766 2063 1048 2110 peccatorum
1063 2070 1242 2098 suorum
1255 2058 1533 2111 gravitatem,

137 2121 480 2170 multitudinem,
521 2121 795 2169 foeditatem,
831 2123 1116 2162 amissionem
1157 2130 1364 2164 aeternae
1393 2124 1539 2165 beati-

134 2188 313 2236 tudinis,
335 2195 379 2229 et
400 2196 606 2229 aeternae
623 2190 923 2230 damnationis
938 2190 1173 2239 incursum,
1188 2204 1290 2231 cum
1304 2192 1535 2244 proposito

136 2255 327 2295 melioris
357 2257 486 2306 vitae,
507 2270 596 2297 non
629 2271 727 2298 esse
757 2271 911 2298 verum
947 2265 992 2298 et
1027 2258 1182 2299 utilem
1219 2259 1430 2307 dolorem,
1451 2273 1535 2301 nec

125 2336 385 2376 praeparare
399 2325 455 2364 ad
486 2326 688 2378 gratiam,
709 2326 787 2366 sed
819 2325 963 2366 facere
990 2326 1219 2367 hominem
1249 2327 1532 2381 hypocritam

132 2399 177 2431 et
228 2393 370 2445 magis
419 2400 733 2445 peccatorem;
776 2394 959 2434 demum
1010 2394 1133 2434 illum
1161 2408 1281 2439 ,esse
1330 2395 1533 2436 dolorem

132 2467 348 2508 coactum,
371 2468 416 2501 et
438 2474 527 2502 non
549 2462 735 2504 liberum
766 2475 816 2503 ac
838 2462 1137 2503 voluntarium
1158 2476 1167 2512 3
1198 2463 1438 2505 anathema
1457 2464 1530 2505 sit.

129 2527 241 2569 [aas.
266 2528 373 2570 can.
399 2538 433 2580 5.

1373 2599 1406 2630 R
