1716 2729
103 90 146 118 n.
171 75 260 131 25.]
585 74 636 115 de
655 73 838 115 Actibus
858 71 1098 115 Hmnams.
1441 87 1521 129 159

163 203 264 244 427.
300 191 555 244 Denique3
537 194 576 214 “⁰
607 190 877 242 respondent
908 189 1198 230 sufficientem
1231 191 1516 246 obligationis

104 262 321 302 rationem
365 260 548 302 inveniri
591 260 634 299 in
679 259 843 300 Christi
884 260 1130 301 voluntate.
1195 261 1354 316 Neque
1397 265 1513 306 enim

104 330 290 371 dubium
328 336 395 370 est
428 329 535 381 quin
571 333 784 367 externus
822 332 957 375 actus,
996 333 1215 379 quatenus
1249 330 1346 382 lege
1367 330 1514 383 prohi-

102 401 275 452 beatur,
299 400 518 453 objective
540 399 800 439 inhonestus
822 399 889 448 sit,
912 405 1047 451 atque
1078 400 1236 440 saltem
1265 402 1514 444 denomina-

101 468 203 510 tz'vel
224 470 280 510 sit
312 468 497 509 formale
527 473 759 521 peccatum
777 464 805 517 32
836 474 1108 521 quapropter
1141 468 1184 510 S.
1218 470 1517 523 Augustinus3

101 544 335 593 peccatum
367 537 524 577 definit
554 550 651 576 esse
682 536 1102 588 “diclmn‚faclmn‚
1126 537 1195 577 vel
1225 541 1513 593 concupitum

99 614 255 649 contra
292 606 436 659 legem
474 604 742 646 aeternam.’‘
803 606 1023 658 Jamver0‚
1051 612 1101 646 ut
1133 621 1191 649 ex
1227 608 1434 650 Conciliis
1471 618 1515 653 et

100 690 159 717 ex
183 690 262 716 usu
287 674 515 715 Ecclesiae
546 680 735 723 constat,
761 674 963 715 Christus
995 676 1222 729 praecepit
1255 683 1303 717 ut
1334 678 1377 717 in
1411 692 1514 719 con-

101 741 291 782 fessione
313 747 643 794 exponerentur
664 747 847 793 peccata
869 742 1021 794 gravia
1043 743 1205 793 omnia,
1227 744 1318 784 sive
1340 745 1515 787 interna

97 809 191 850 sive
212 816 425 850 externa:
459 813 480 829 “
497 808 623 862 cujus
654 808 899 859 voluntas,’'
933 811 995 851 ait
1026 810 1083 850 A.
1110 812 1255 865 Mayr,
1278 827 1511 867 exponens

97 878 212 920 hanc
266 878 615 931 responsionem,
670 877 838 918 “nobis
891 892 987 919 esse
1041 880 1176 921 debet
1242 896 1322 935 pro
1387 887 1509 926 omni

97 949 311 989 ratione.’‘

153 1017 248 1066 428.
284 1015 348 1056 At
370 1015 468 1068 quis
491 1015 677 1056 fortasse
699 1015 881 1056 ulterius
914 1024 1099 1069 quaerat
1131 1020 1349 1061 rationem
1383 1036 1509 1075 prae-

96 1085 213 1138 cepti
253 1085 385 1138 hujus
419 1099 444 1125 a
483 1084 661 1125 Christo
698 1085 909 1138 impositi,
946 1100 1024 1127 cur
1065 1101 1227 1141 nempe
1269 1103 1359 1130 non
1400 1094 1509 1134 satis

95 1151 250 1193 fuisset
291 1154 544 1207 praecipere
585 1159 634 1193 ut
676 1155 911 1207 poenitens
956 1155 1241 1198 confiteretur
1292 1160 1509 1203 malitiam

95 1219 387 1272 subjectivam
420 1234 497 1260 seu
529 1219 777 1271 formalem,
803 1221 917 1261 adeo
939 1229 999 1271 ut,
1026 1223 1186 1264 saltem
1219 1225 1255 1265 si
1287 1234 1512 1269 constaret

94 1288 249 1328 abesse
276 1302 328 1329 ea
359 1289 509 1329 omnia
540 1302 655 1342 quae
688 1303 725 1328 n.
759 1299 855 1341 425.
890 1293 1109 1332 recensita
1130 1299 1247 1342 sunt,
1270 1304 1511 1351 praecepto

92 1358 399 1398 satisfacerent
434 1359 462 1398 ii
499 1359 586 1411 qui,
623 1372 760 1411 quum
799 1366 984 1400 externe
1021 1369 1294 1413 peccassent,
1328 1365 1509 1406 confite-

92 1436 246 1470 rentur
295 1436 472 1470 tantum
524 1430 737 1482 peccandi
789 1430 1067 1472 voluntatem
1110 1447 1211 1473 vere
1253 1435 1510 1479 efficacem?

96 1499 384 1553 Respondere
405 1500 508 1540 licet
529 1500 848 1540 validissimam
882 1503 1108 1555 praecepti
1143 1505 1362 1547 rationem
1391 1509 1510 1550 inve-

90 1569 172 1609 niri
194 1570 237 1609 in
268 1569 320 1608 iis
357 1582 472 1622 quae
494 1568 592 1610 loco
615 1569 752 1609 citato
774 1570 992 1610 recensita
1014 1578 1130 1614 sunt.
1192 1573 1292 1614 Etsi
1315 1577 1435 1617 enim
1459 1592 1511 1619 ea
1547 1577 1549 1580 ’

89 1638 309 1692 ejusmodi
351 1651 441 1678 non
483 1638 571 1678 sint
613 1651 739 1691 quae,
780 1638 814 1677 si
860 1638 1063 1680 Christus
1102 1654 1191 1682 non
1224 1643 1509 1697 imposuisset

89 1713 377 1761 praeceptum
410 1707 668 1756 universale,
690 1720 748 1747 ex
772 1721 818 1747 se
840 1707 1067 1749 efficerent
1099 1716 1148 1750 ut
1179 1725 1358 1766 semper
1388 1721 1433 1756 et
1464 1717 1509 1757 in

89 1776 246 1829 quovis
268 1790 372 1817 casu
395 1789 576 1816 necesse
606 1781 722 1816 esset
753 1783 987 1829 peccatum
1021 1784 1259 1821 externum
1293 1783 1508 1836 confiteri,

88 1853 239 1887 tamen
271 1846 490 1900 ejusmodi
513 1846 647 1900 plane
668 1852 771 1886 sunt
805 1852 866 1895 ut,
898 1860 1036 1899 quum
1075 1848 1281 1892 Christus
1317 1854 1507 1897 voluerit

89 1921 274 1970 peccata
295 1916 462 1969 exponi
493 1921 714 1968 quatenus
746 1915 942 1956 rationes
975 1930 1054 1957 eae
1085 1918 1230 1971 reipsa
1262 1922 1509 1975 exigerent,

88 1984 293 2025 debuerit
331 1984 560 2037 imponere
592 1990 880 2038 praeceptum
917 1985 1101 2026 omnino
1133 1988 1379 2030 universale
1405 2005 1508 2044 pec-

84 2060 187 2095 cata
226 2059 415 2095 externa
456 2053 714 2095 confitendi.
777 2053 896 2094 Nam
945 2055 1022 2095 lex
1071 2056 1361 2100 confessionis
1412 2067 1506 2102 tam

85 2122 277 2163 difficilis
319 2123 474 2177 utique
519 2129 588 2164 est
629 2129 678 2164 ut
721 2123 756 2163 si
799 2124 1133 2177 poenitentibus
1167 2127 1506 2180 dijudicandum

85 2193 408 2247 relinqueretur
451 2207 507 2234 an
549 2200 805 2235 tenerentur
849 2201 1084 2247 peccatum
1122 2202 1357 2239 externum
1399 2214 1506 2242 con-

85 2263 211 2313 fiteri,
241 2268 311 2304 tot
344 2268 565 2315 tantaque
603 2263 767 2317 effugia
799 2263 881 2304 sibi
915 2263 1146 2318 fingerent,
1167 2272 1216 2306 ut
1247 2268 1505 2321 saepissime

125 2396 225 2427 ‘Vid.
240 2401 350 2434 antea,
368 2406 401 2427 n.
420 2403 492 2435 192,
512 2397 638 2428 Resolv
642 2407 676 2428 es
694 2398 738 2437 50.

123 2440 226 2471 2Vid.
258 2439 391 2477 Suarez,
432 2440 540 2472 Tract.
575 2440 613 2471 de
642 2440 798 2472 Bonitate
831 2445 861 2472 et
889 2442 1034 2473 Malitia
1064 2443 1215 2474 Actuum
1246 2443 1501 2487 Humanorum,

84 2483 183 2526 Disp.
207 2492 259 2515 10.
273 2487 355 2515 sect.
373 2483 397 2514 i.
414 2493 446 2515 n.
466 2491 511 2523 9,
537 2484 690 2525 Arriaga,
711 2484 752 2515 In
770 2492 800 2515 1.
815 2492 847 2516 2.
865 2484 903 2517 S.
923 2485 1088 2524 Thomae,
1105 2487 1165 2518 Tr.
1175 2486 1214 2518 de
1227 2488 1302 2519 Act.
1314 2489 1501 2531 Humanis

84 2527 184 2569 Disp.
203 2526 254 2559 16.
273 2532 355 2559 sect.
374 2527 417 2558 iv.
433 2537 466 2559 n.
484 2507 537 2566 3’8.

127 2571 230 2602 ³Lib.
250 2579 302 2607 22.
321 2575 436 2602 contra
441 2570 624 2619 ‘Faustunn
643 2570 727 2611 Cap.
748 2577 802 2610 27.

129 2613 265 2646 ⁴Tract.
282 2623 316 2656 4.
335 2613 448 2656 disp.
439 2624 463 2645 1.
482 2619 611 2656 quaest.
628 2621 657 2645 2.
679 2619 743 2645 art.
760 2614 805 2645 ix.
817 2612 857 2646 n.
879 2614 950 2647 168.
