1716 2729
80 69 118 94 n.
147 55 227 109 10.]
517 55 569 96 de
586 54 767 95 Actibus
787 54 1020 94 Humanis.
1419 63 1473 104 77

79 170 334 210 recensitae.
399 171 468 212 Sic
488 183 570 222 vg.
594 169 638 208 in
660 169 869 221 exemplo
899 168 1047 217 allato,
1071 168 1244 208 etiamsi
1277 167 1474 208 defectus

79 238 381 279 advertentiae
402 237 633 292 proveniat
653 250 712 276 ex
735 250 787 276 eo
808 238 926 289 quod
951 236 1047 288 quis
1069 249 1095 275 a
1118 236 1257 275 Missa
1289 236 1475 275 abfuerit

80 307 151 346 die
174 307 422 355 Dominica,
443 305 622 358 quando
644 304 860 357 parochus
891 305 1076 344 Missam
1106 303 1332 344 celebrans
1368 318 1474 344 nun-

80 375 207 414 tiavit
243 375 359 415 diem
401 374 562 413 festum
603 374 646 413 in
689 374 844 413 eadem
885 372 1169 413 hebdomada
1205 378 1476 420 eventurum,

81 444 232 495 nequit
272 449 422 482 tamen
462 441 721 490 voluntaria,
755 455 808 481 ne
846 441 888 480 in
923 453 1056 480 causa
1087 440 1279 492 quidem,
1312 441 1476 479 censeri

80 510 260 550 omissio
281 511 368 550 diei
390 510 488 550 festi
511 510 726 557 servandi,
742 523 855 562 quae
878 508 980 548 inde
1001 507 1214 560 provenit,
1230 507 1311 546 nisi
1329 507 1477 559 aliquo

82 578 216 618 modo
250 577 323 618 ille
358 578 594 618 adverterit
635 578 691 618 ad
732 576 974 630 periculum
1008 575 1262 627 hujusmodi
1297 575 1478 615 effectus

82 659 139 686 ex
180 645 387 698 culpabili
428 646 592 686 Missae
628 646 865 685 omissione
901 644 1131 684 oriturum.
1193 643 1295 683 Vid.
1331 656 1477 695 supra,

82 727 122 754 n.
150 723 242 752 112.

144 785 214 821 12⁰
233 779 540 821 Voluntariae1
562 788 665 821 sunt
687 779 1002 833 blasphemiae,
1019 778 1332 831 impudicitiae,
1343 779 1480 825 rixae,

82 855 159 889 aut
179 849 431 902 injustitiae,
453 862 566 901 quae
589 849 632 888 in
654 847 867 888 ebrietate
890 846 1012 895 fiunt,
1034 846 1212 898 quando
1235 845 1478 897 praevideri

81 925 267 970 possunt
311 917 370 969 (n.
417 915 554 967 108.);
597 922 730 968 atque
770 916 846 955 vix
887 914 978 953 fieri
1021 919 1168 966 potest
1217 914 1322 965 quin
1361 914 1480 962 satis,

82 990 297 1038 quantum
339 985 396 1025 ad
438 984 520 1026 hoc
561 984 720 1025 sufficit
759 984 815 1036 (n.
851 984 951 1033 94),
981 983 1035 1022 ad
1077 981 1150 1021 illa
1187 981 1419 1021 advertant
1451 982 1479 1021 ii

83 1065 270 1104 quorum
293 1058 360 1092 est
381 1052 658 1092 consuetudo
679 1051 785 1091 talia
807 1051 849 1089 in
872 1050 955 1090 hoc
977 1055 1096 1089 statu
1118 1047 1391 1102 peragendi.2

145 1123 215 1172 13⁰
246 1120 349 1160 Non
372 1127 526 1174 peccat
547 1119 650 1160 belli
679 1119 773 1159 dux
805 1119 879 1170 qui
912 1124 1112 1170 tempore
1150 1117 1404 1167 obsidionis,
1424 1117 1480 1157 ad

83 1189 322 1229 arcendum
359 1188 546 1237 hostem,
582 1188 790 1228 incendat
827 1200 968 1238 agros,
1009 1193 1106 1234 etc„
1144 1186 1225 1226 etsi
1266 1186 1481 1226 damnum

83 1255 202 1296 haud
225 1256 436 1308 exiguum
460 1255 560 1294 inde
583 1255 809 1307 patiantur
830 1254 998 1293 incolae
1024 1254 1281 1293 innocentes
1300 1268 1308 1304 ;
1340 1268 1481 1306 neque

84 1324 120 1363 si
160 1323 368 1364 incendat
407 1323 576 1371 turrim,
612 1323 654 1361 in
697 1335 784 1374 qua
826 1321 954 1361 simul
992 1335 1092 1361 cum
1133 1321 1334 1362 hostibus
1370 1322 1481 1363 forte

85 1392 302 1443 peregrini
344 1391 628 1431 includuntur
678 1389 781 1429 belli
831 1403 919 1429 non
973 1389 1220 1441 participes.
1281 1389 1400 1429 Nam
1438 1391 1480 1429 in

84 1464 272 1511 utroque
312 1473 414 1498 casu
457 1465 592 1507 actus,
634 1471 691 1498 ex
733 1470 821 1509 quo
862 1458 1074 1497 damnum
1126 1457 1244 1497 istud
1289 1457 1479 1510 profluit,

84 1529 227 1568 bonus
267 1534 334 1566 est
374 1532 449 1567 aut
489 1526 647 1565 saltem
689 1524 966 1574 indifferens;
999 1531 1131 1576 atque
1163 1526 1288 1565 adest
1320 1526 1480 1578 agendi

85 1595 197 1635 ratio
218 1594 549 1648 proportionate
570 1593 727 1646 gravis,
750 1592 905 1632 eadem
929 1605 1088 1645 nempe
1110 1605 1197 1644 qua
1217 1592 1386 1633 licitum
1416 1601 1481 1635 est

83 1663 228 1715 ipsum
250 1661 414 1703 bellurn
438 1661 555 1701 inire.
599 1660 702 1700 Non
726 1665 875 1698 tamen
898 1660 999 1699 licet
1020 1659 1228 1699 delectari
1251 1660 1294 1700 in
1316 1662 1481 1702 damno

83 1730 249 1771 civibus
272 1730 373 1769 inde
404 1735 682 1782 proventuro,
713 1742 794 1769 nee
826 1728 916 1769 ullo
946 1729 1079 1768 modo
1102 1727 1210 1768 illud
1241 1728 1481 1779 intendere,

84 1811 139 1838 ne
180 1804 229 1838 ut
262 1798 457 1838 medium
494 1797 673 1850 quidem
716 1796 812 1837 finis
853 1797 1142 1849 assequendi;
1185 1806 1328 1848 neque
1363 1798 1480 1837 enim

86 1867 297 1906 damnum
334 1878 484 1905 revera
514 1864 732 1917 ejusmodi
764 1865 958 1904 medium
996 1870 1074 1913 est,
1115 1863 1191 1903 sed
1227 1864 1374 1916 potius
1416 1872 1482 1905 est

87 1934 254 1974 malum
301 1932 478 1986 aliquod
534 1933 665 1974 simul
720 1940 979 1973 eventurum
1033 1946 1091 1972 ex
1145 1932 1318 1971 actione
1369 1944 1482 1985 quae

85 2000 307 2054 perficitur
326 2001 470 2041 solum
493 2000 550 2041 ob
582 2001 769 2041 alterum
792 2000 1011 2048 effectum,
1033 2000 1248 2043 damnum
1281 2000 1480 2041 hostibus

85 2068 388 2122 infligendum,
408 2069 483 2121 qui
505 2082 645 2121 aeque
668 2068 926 2108 immediate
947 2081 1004 2108 ex
1027 2081 1079 2107 ea
1101 2067 1335 2120 provenit.3

150 2139 216 2188 14⁰
247 2136 350 2176 Non
371 2143 524 2190 peccat
544 2137 749 2177 sacerdos
771 2136 845 2188 qui
870 2135 1087 2176 ministret
1109 2134 1480 2176 Communionem

129 2317 247 2357 lQuae
270 2318 451 2356 sequuntur
477 2313 625 2354 (Resolv.
662 2312 815 2353 120-170).
833 2313 947 2354 paucis
971 2312 1170 2352 quibusdam
1193 2312 1400 2352 aliquatenus
1421 2311 1480 2341 im-

85 2360 233 2396 mutatis,
253 2358 320 2389 fere
337 2358 379 2389 ad
394 2359 531 2389 verbum
559 2357 725 2399 exscripta
753 2363 830 2387 sunt
857 2367 897 2387 ex
922 2355 963 2386 iis
984 2366 1069 2397 quae
1092 2355 1192 2386 tradit
1217 2354 1310 2395 Gury
1335 2354 1436 2394 (Part.
1457 2355 1475 2384 i.

86 2413 124 2435 n.
146 2412 195 2440 10,
215 2401 352 2432 Resolv.
374 2399 488 2440 20-70).

130 2446 232 2477 2Vid.
252 2444 403 2481 Lacroix,
423 2444 497 2474 Lib.
516 2451 546 2483 5,
572 2444 677 2476 Tracl.
697 2443 734 2474 dc
751 2443 900 2481 peccatis,
920 2453 978 2473 nn.
997 2450 1039 2482 30
1054 2446 1086 2473 et
1101 2451 1174 2482 seq.

130 2489 233 2520 ³Vid.
252 2497 362 2528 supra,
380 2497 437 2518 nn.
462 2494 531 2527 159,
555 2486 626 2527 165,
650 2492 720 2526 173.
