1716 2729
142 110 214 138 nn.
240 96 316 145 28;
342 103 406 144 31,
426 91 513 146 32.]
599 93 650 134 de
668 93 850 135 Actibus
872 93 1112 135 Humanis.
1467 104 1548 134 22ῑΔ

143 209 398 267 posterioris
429 207 652 249 clausulae:
684 209 886 250 damnari
919 209 1065 262 potuit
1096 208 1344 262 propositio
1375 209 1432 250 de
1462 223 1550 263 qua

143 280 215 321 hic
252 278 409 332 agitur,
445 276 537 317 sive
573 290 677 318 vera
714 277 806 318 sive
842 276 953 317 falsa
991 283 1057 318 est
1090 277 1293 318 doctrina
1329 277 1560 320 clausulae·

145 346 335 403 prioris.l

205 415 301 467 642.
332 414 398 455 At
432 417 485 461 20,
518 412 600 453 etsi
633 426 734 454 cum
766 413 992 455 communi
1024 414 1245 453 sententia
1277 414 1371 454 TT.
1395 428 1554 468 agnos-

147 490 271 525 catur
302 482 653 536 propositionem
685 482 945 522 damnatam
978 495 1073 522 esse
1105 487 1285 535 propter
1306 483 1554 524 doctrinam

147 552 315 606 prioriS‚
357 550 476 590 haud
519 549 663 590 minus
705 563 839 603 quam
892 549 1085 598 alterius,
1125 549 1362 599 clausulae,
1404 556 1556 592 tamen

149 620 331 660 minime
352 619 549 672 sequitur
570 617 830 658 damnatam
853 632 948 658 esse
970 618 1237 659 sententiam
1262 618 1555 660 Scotistarum

148 694 367 742 quatenus
408 692 659 740 propugnet
701 692 850 726 actum
903 700 1033 740 posse
1083 686 1127 726 in
1183 687 1411 728 individuo
1462 701 1558 728 esse

149 757 487 798 indifferentem.
552 754 685 808 Quod
728 755 860 808 plane
901 757 1210 796 demonstrant
1251 756 1354 796 AA.
1396 757 1471 810 qui
1513 757 1558 796 in

150 825 373 867 damnatis
395 823 769 877 propositionibus
787 824 1065 877 exponendis
1087 823 1264 864 laudem
1282 838 1387 877 prae
1404 824 1561 866 ceteris

151 898 419 941 meruerunt,
441 905 585 944 neque
607 891 635 930 ii
658 891 801 931 solum
826 892 901 944 qui
935 891 1242 942 Scotistarum,
1264 893 1341 933 sed
1374 893 1507 934 etiam
1531 893 1560 933 ii

150 962 225 1016 qui
248 961 596 1009 Thomistarum,
618 960 886 1000 sententiam
919 960 975 1001 de
1009 960 1180 1002 actibus
1203 961 1560 1003 indifferentibus

150 1030 234 1084 ipsi
256 1029 454 1083 amplexi
477 1026 612 1070 sunt.2

209 1098 305 1150 643.
369 1098 464 1139 Nec
501 1103 650 1151 potest
687 1097 730 1137 in
766 1097 952 1139 dubium
991 1098 1218 1141 revocari:
1267 1112 1369 1139 nam
1407 1099 1475 1139 vel
1518 1099 1561 1139 in

152 1167 295 1221 priore
328 1165 524 1207 clausula
558 1166 842 1219 proferuntur
877 1167 966 1207 duo
1001 1181 1116 1220 quae
1155 1182 1180 1208 a
1205 1167 1422 1217 Scotistis,
1443 1168 1562 1209 haud

153 1235 298 1276 minus
333 1248 467 1288 quam
505 1248 530 1274 a
553 1234 811 1283 ThomistiS,
850 1235 1151 1288 reprobantur.
1216 1236 1395 1276 Etenim
1432 1237 1475 1277 in
1513 1250 1565 1277 ea

153 1318 299 1344 sermo
337 1310 403 1344 est
438 1304 500 1357 (a)
537 1305 593 1344 de
627 1305 678 1345 iis
715 1306 789 1358 qui
829 1305 887 1345 ob
927 1306 1180 1347 sensibilem
1219 1307 1563 1349 delectationem

153 1371 373 1413 comedant
393 1377 436 1412 et
459 1372 634 1421 bz‘bant;
667 1379 711 1413 et
745 1372 805 1427 (b)
829 1374 885 1414 de
908 1374 959 1414 iis
977 1375 1051 1427 qui
1075 1376 1314 1416 comedant
1337 1382 1381 1416 et
1404 1376 1560 1417 bibant

156 1455 286 1494 nsque
305 1441 369 1481 ad
383 1441 636 1482 satietatem.

213 1509 312 1560 644.
343 1509 552 1561 Jamvero
592 1508 658 1563 (a)
684 1524 742 1551 ex
777 1524 830 1551 eo
867 1511 987 1564 quod
1025 1511 1195 1552 licitum
1231 1513 1298 1563 sit,
1321 1519 1369 1553 ut
1405 1513 1568 1554 docent

157 1577 392 1626 Scotistae,
416 1577 458 1617 in
493 1578 711 1630 aliquibus
747 1579 918 1620 actibus
951 1593 1081 1633 agere
1112 1580 1170 1621 ob
1202 1581 1343 1622 solam
1376 1581 1570 1623 delecta-

157 1644 324 1686 tionem
362 1643 629 1694 sensibilem,
652 1645 836 1685 minime
870 1647 1069 1699 sequitur
1106 1647 1150 1687 id
1188 1647 1358 1688 licitum
1393 1662 1489 1689 esse
1525 1649 1568 1689 in

158 1710 333 1750 actibus
365 1709 615 1751 comedendi
643 1717 683 1750 ct
703 1710 882 1752 bibendi.
947 1712 1006 1752 Et
1029 1713 1211 1765 quidem
1235 1713 1458 1755 Scotistae
1482 1713 1570 1755 fere

160 1792 317 1820 omnes
340 1779 609 1820 sententiam
633 1794 759 1821 suam
783 1781 845 1823 ita
867 1788 1101 1836 exponunt
1138 1789 1186 1823 ut
1209 1797 1298 1823 non
1332 1784 1389 1825 sit
1411 1785 1467 1825 de
1504 1784 1571 1824 his

161 1844 331 1886 actibus
353 1845 651 1898 intelligenda.

219 1913 318 1964 645.
353 1912 491 1965 Cujus
542 1913 772 1955 doctrinae
823 1915 1017 1957 rationes
1069 1917 1179 1957 duas
1230 1917 1421 1958 tradunt.
1486 1919 1571 1960 “Si

161 1980 296 2021 etiam
318 1981 623 2031 concedatur,'’
655 1983 788 2023 docet
819 1983 876 2024 A.
901 1984 1058 2036 Mayr‚³
1090 1984 1259 2037 “juxta
1289 1999 1572 2027 communem

163 2048 494 2102 Theologorum
517 2051 785 2091 sententiam
811 2050 879 2105 (ut
902 2052 964 2092 ait
986 2049 1154 2106 Viva4),
1175 2067 1263 2093 non
1287 2067 1382 2095 6556
1403 2054 1573 2096 licitum

210 2203 220 2223 ¹
245 2206 324 2243 Hic,
353 2206 414 2237 etsi
440 2207 656 2244 vestssimam,
682 2209 925 2249 praetermitto,
944 2209 1068 2250 quippe
1095 2221 1179 2252 quae
1207 2212 1248 2242 ad
1273 2223 1341 2242 rem
1365 2212 1406 2243 de
1430 2223 1494 2253 qua
1522 2213 1577 2244 hic

165 2249 272 2291 agitur
289 2260 354 2280 non
378 2256 516 2291 spectet,
536 2251 723 2282 doctrinam
748 2252 945 2292 logicorum,
971 2264 1037 2295 qua
1061 2254 1182 2286 docent
1208 2255 1324 2286 salsam
1341 2266 1411 2286 esse
1428 2257 1578 2297 proposi-

165 2293 289 2324 tionem
307 2293 480 2331 causalem,
495 2294 625 2325 etiamsi
641 2305 738 2326 verae
754 2296 818 2326 sint
830 2295 913 2326 duae
928 2296 1094 2329 clausulae
1107 2298 1226 2339 quibus
1240 2304 1379 2337 constet,
1395 2299 1586 2331 dummodo-

166 2336 199 2367 id
217 2337 306 2377 quod
323 2337 356 2367 in
380 2337 484 2368 altera
500 2337 649 2368 clausula
673 2339 823 2370 tradatur
846 2350 914 2370 non
937 2341 979 2371 sit
1003 2341 1112 2382 reipsa
1128 2343 1214 2372 ratio
1232 2342 1359 2383 prioris.
1414 2343 1490 2374 Vid.
1510 2354 1577 2384 v.g.

164 2380 337 2421 Jennings,
358 2380 486 2421 Logiz‘a,
508 2381 598 2411 Diss.
618 2389 650 2411 2.
669 2392 743 2423 cap.
761 2382 807 2413 iii.
824 2389 884 2414 art.
902 2391 940 2423 3;
968 2384 1161 2425 Tongiorgi‚
1178 2386 1309 2426 Lagina,
1328 2396 1360 2416 n.
1384 2386 1454 2425 169.

210 2423 224 2442 2
246 2423 323 2454 Vid.
341 2434 404 2463 vg.
433 2424 529 2462 Viva,
558 2425 723 2455 Damnat.
755 2426 847 2457 Thes.
879 2427 984 2458 Theol.
1020 2428 1174 2464 Trutina,
1200 2429 1238 2459 In
1266 2430 1369 2470 Prop.
1387 2429 1407 2460 8
1433 2435 1463 2461 et
1491 2437 1511 2468 9
1536 2431 1588 2461 ab*

167 2467 341 2498 Innocent.
359 2466 422 2497 XI.
439 2466 637 2504 damnatas;
666 2468 847 2506 Cardenus,
870 2471 975 2501 Crist's
995 2471 1190 2511 leeolqgiccu
1217 2472 1307 2503 Diss.
1327 2481 1357 2512 7.

213 2510 226 2529 3
256 2510 363 2541 Tract.
384 2510 421 2540 de
444 2510 581 2541 Actibus
604 2511 790 2550 Humanis,
810 2513 908 2554 Disp.
929 2522 959 2546 1.
976 2523 1102 2555 quaest.
1125 2515 1171 2546 iii.
1189 2526 1220 2546 n.
1238 2524 1315 2547 202.

210 2553 223 2574 4
247 2554 412 2584 Damnat.
437 2554 528 2585 lecs.
554 2554 659 2586 leeol.
686 2555 841 2594 Trutina,
879 2557 968 2589 Ibid.
987 2568 1018 2588 u.
1036 2558 1067 2589 6.
