1716 2729
153 121 225 148 nn.
252 110 304 149 28
327 122 335 159 ;
370 120 435 161 31,
456 106 542 164 32]
610 109 661 149 de
679 108 861 149 Actibus
881 107 1123 150 Humanis.
1475 117 1559 158 229
1588 143 1590 145 ,

149 237 237 264 non
257 225 401 264 minus
424 225 479 265 sit
498 224 596 265 fons
619 224 762 264 omnis
781 223 1036 277 voluptatiS‚
1058 237 1194 277 quam
1217 225 1316 263 tons
1333 229 1398 263 est
1415 223 1561 264 omnis

153 291 414 334 honestatis.

210 360 307 412 664.
339 361 538 414 “Neque
575 361 693 401 enirn
728 375 809 402 nos
845 374 1063 402 excusare
1094 360 1302 401 volumus
1344 374 1446 400 eum
1482 360 1558 413 qui

146 428 475 482 jucunditatem
510 435 587 470 aut
621 430 911 470 commodum
938 428 1128 483 positive
1164 428 1446 481 haberetpro
1464 429 1561 482 fine

153 497 316 547 ultimo,
338 499 415 538 sed
440 511 542 538 eum
557 504 735 538 tantum
758 498 833 552 qui
857 497 1065 551 negative.
1130 496 1220 538 Sed
1244 511 1299 537 ne
1322 497 1457 538 etiam
1480 511 1561 537 ex-

152 567 374 606 cusandus
409 566 521 607 foret
558 567 634 619 qui
666 566 924 607 honestatem
957 580 1037 620 pro
1069 565 1157 606 fine
1184 565 1374 619 positive
1403 566 1560 606 ultimo

152 634 236 674 sibi
259 641 539 688 proponeret,
563 635 711 675 Deum
736 635 913 688 Deique
944 634 1133 688 gloriam
1156 634 1469 675 excludendo:
1502 635 1559 674 ad

151 699 271 740 istud
295 701 531 741 attendant
568 701 836 752 adversarii;
871 700 1197 741 indeclinabilis
1234 701 1362 740 nobis
1385 700 1562 740 videtur

152 765 356 820 paritas.’'

211 835 308 886 665.
342 835 549 889 Denique
588 839 631 887 3⁰
655 836 911 889 responderi
945 841 1105 888 potest,
1129 840 1276 888 atque,
1301 841 1350 875 ut
1371 835 1560 885 videtur,

152 903 209 943 ab
245 904 465 955 omnibus,
502 905 594 945 sive
629 905 928 946 Scotistarum
962 905 1054 944 sive
1088 904 1428 944 Thoniistarum
1460 917 1561 957 pro-

152 978 354 1024 pugnant
376 973 658 1023 sententiam,
690 973 948 1026 responderi
986 972 1132 1021 debet,
1157 972 1376 1025 quidquid
1409 972 1562 1013 dicen-

150 1039 260 1080 dum
293 1041 349 1082 sit
386 1042 442 1082 de
474 1041 750 1095 obligatione
787 1054 924 1094 quam
958 1046 1247 1094 propugnant
1284 1039 1561 1090 Thomistae,

152 1114 332 1150 textum
356 1111 541 1151 citatum
565 1110 724 1150 saltem
748 1123 836 1149 non
855 1108 1003 1149 valere
1020 1109 1076 1149 ad
1099 1122 1198 1148 eam
1216 1108 1533 1149 stabiliendam
1553 1122 1563 1158 ;

153 1178 236 1218 etsi
259 1179 376 1219 enim
411 1185 564 1220 textus
587 1178 862 1231 intelligatur
883 1183 931 1218 ut
963 1183 1265 1231 praeceptum,
1287 1183 1439 1218 tamen
1471 1189 1562 1217 non

152 1252 222 1286 est
257 1260 334 1288 cur
369 1253 571 1287 sumatur
592 1260 725 1287 sensu
757 1246 934 1286 diverso
965 1245 1022 1286 ab
1056 1259 1125 1295 eo,
1147 1259 1220 1285 nn.
1255 1244 1460 1297 656-659.
1483 1259 1562 1285 ex-

155 1315 315 1367 posito,
352 1329 486 1369 quem
523 1315 662 1356 tradit
699 1315 743 1356 S.
777 1313 993 1365 Thomas,
1033 1314 1108 1367 qui
1150 1319 1301 1354 tamen
1337 1327 1491 1354 sensus
1525 1313 1561 1354 si

153 1390 362 1435 servetur,
388 1390 512 1438 patet
534 1384 653 1426 hunc
676 1389 855 1425 textum
879 1382 1061 1423 omnino
1084 1382 1163 1423 abs
1195 1396 1241 1422 re
1262 1382 1332 1422 hic
1355 1381 1530 1423 adduci.

213 1453 310 1492 666.
346 1451 497 1505 Quum
519 1452 637 1492 enim
661 1451 878 1505 obligatio
896 1452 952 1492 de
970 1465 1058 1504 qua
1080 1450 1276 1504 loquitur
1299 1450 1560 1504 Apostolus,

154 1521 474 1575 interpretante
525 1522 748 1576 Angelico
810 1522 907 1575 ipso
969 1521 1182 1571 Doctore,
1237 1521 1293 1561 sit
1344 1521 1562 1574 obligatio

153 1590 395 1641 charitatis,
417 1605 532 1644 quae
568 1598 689 1632 certo
721 1591 883 1632 certius
925 1603 1014 1630 non
1052 1590 1197 1643 exigit
1234 1595 1283 1629 ut
1315 1595 1452 1639 actus,
1473 1603 1563 1642 quo

154 1658 205 1699 fit
245 1658 502 1712 hujusmodi
539 1659 708 1709 relatio,
749 1658 909 1699 saltem
953 1658 1131 1711 saepius
1165 1671 1300 1711 quam
1339 1657 1476 1698 semel
1518 1657 1563 1698 in

156 1740 309 1768 mense
329 1724 561 1778 eliciatur,2
581 1728 683 1768 ideo
721 1732 898 1768 constat
935 1726 1058 1766 illam
1082 1731 1264 1766 actuum
1301 1725 1560 1766 relationem

154 1796 340 1837 omnino
390 1797 611 1837 diversam
654 1809 751 1837 esse
792 1795 849 1836 ab
891 1808 943 1835 ea
984 1808 1120 1847 quam
1162 1794 1233 1834 hic
1274 1800 1563 1849 propugnant

157 1863 431 1906 Thomistae.

213 1932 312 1984 667.
347 1933 444 1974 Etsi
467 1933 583 1975 enim
606 1934 767 1975 doceat
790 1933 834 1975 S.
857 1933 1057 1974 Thomas
1089 1932 1351 1972 relationem
1375 1946 1489 1985 quae
1511 1930 1561 1972 fit

156 2014 236 2054 per
267 2007 416 2042 actum
450 2002 679 2044 charitatis
721 1999 897 2042 vz'rtute3
924 2014 1185 2054 permanere
1222 2000 1436 2053 quamdiu
1471 2012 1561 2039 non

155 2075 417 2111 retractetur
437 2084 516 2123 per
536 2076 770 2124 peccatum
795 2068 995 2119 mortale,
1017 2068 1126 2108 haec
1149 2067 1293 2108 virtus
1315 2067 1447 2120 plane
1470 2081 1558 2107 non

155 2143 225 2178 est
264 2138 423 2178 eodem
460 2152 592 2179 sensu
625 2138 919 2191 intelligenda
960 2149 1050 2189 quo
1091 2136 1354 2176 Thomistae
1396 2135 1560 2176 docent

155 2211 281 2246 actus
298 2220 452 2246 omnes
471 2207 740 2247 deliberatos
761 2206 924 2246 debere
946 2204 1038 2245 fieri
1061 2218 1120 2244 ex
1138 2204 1386 2244 intentione
1399 2204 1559 2244 saltem

199 2349 213 2369 2
229 2350 305 2380 vid.
322 2351 404 2382 AA.
420 2350 455 2381 in
470 2350 630 2382 Tractatu
646 2351 683 2381 cle
700 2350 879 2385 Clzarz'tate,
897 2359 966 2390 v.g.
986 2349 1090 2389 Gury,
1108 2348 1199 2379 Part.
1219 2349 1242 2378 i.
1261 2359 1295 2379 n.
1313 2346 1390 2378 218.

198 2394 212 2413 ³
227 2393 304 2425 Vid.
324 2393 429 2433 Gury,
449 2394 537 2424 Part.
559 2402 587 2425 1.
606 2404 639 2426 n.
658 2399 712 2434 35.
737 2393 990 2434 Nonnunquam
1019 2393 1053 2424 S.
1071 2392 1200 2422 Doctor
1219 2391 1338 2422 eodem
1354 2401 1453 2422 sensu
1482 2401 1560 2423 usus

156 2443 207 2469 est
221 2447 303 2468 voce
325 2437 596 2472 habitual2·ter‚ut
620 2447 689 2477 v.g.
705 2437 739 2468 in
768 2436 907 2476 Quaest.
927 2444 958 2466 2.
976 2436 1029 2467 De
1055 2436 1161 2473 fllalo,
1180 2440 1242 2466 art.
1261 2441 1293 2475 5.
1311 2434 1368 2465 ob.
1391 2443 1439 2466 10.
1463 2434 1560 2476 (quae

158 2481 260 2512 verba
275 2481 365 2522 apud
391 2481 496 2521 Gury,
513 2480 597 2511 ibid.
616 2491 648 2511 n.
666 2487 719 2520 37.
745 2483 869 2520 Quaer.
900 2484 947 2519 70,
967 2479 1002 2510 in
1025 2478 1242 2510 adnotatione
1268 2477 1311 2519 (b)
1343 2478 1381 2508 P.
1400 2478 1560 2509 Ballerini

154 2524 321 2565 exscripta
331 2523 432 2564 sunt.)

199 2568 253 2599 De
269 2568 406 2599 vocibus
421 2567 580 2598 virtualis
595 2571 627 2598 et
643 2566 834 2602 habitualis,
844 2565 913 2597 vid.
931 2571 1040 2605 antea,
1060 2575 1092 2598 n.
1113 2563 1168 2596 68.
1187 2564 1310 2605 lnfine.
