1716 2729
110 128 150 154 n.
180 125 194 153 1
204 124 242 165 7.
261 112 266 167 Ι
588 109 640 149 de
657 106 841 148 Actibus
862 105 1097 146 Humanis.
1447 113 1462 141 1
1473 112 1495 140 2
1503 112 1525 152 3

173 240 266 280 323.
300 227 392 267 Alii
413 239 516 267 vero
539 224 598 278 (b)
623 230 790 263 metum
808 221 862 262 ab
882 223 1110 261 extrinseco
1131 221 1285 260 dicunt
1308 232 1408 259 eum
1430 223 1527 258 tan-

113 305 209 338 tum
228 297 302 349 qui
325 295 379 336 ab
399 295 486 334 alio
519 292 732 333 incutitur
760 304 804 330 co
824 290 921 342 fine
949 296 1000 329 nt
1018 295 1207 328 meluens
1227 292 1450 327 moveatur
1470 285 1526 325 ad

113 366 279 418 aliquid
318 362 571 404 faciendum
609 366 685 401 aut
726 358 1050 399 omittendum:
1092 357 1213 410 quod
1256 362 1404 409 potest
1434 353 1528 394 fieri

113 441 189 476 aut
216 434 338 487 juste
373 437 449 472 aut
483 431 643 484 injuste
657 445 676 477 ,·
693 429 826 482 juste,
860 428 894 468 si
933 427 1145 467 incutitur
1174 426 1231 465 ab
1265 439 1317 465 eo
1349 425 1423 476 qui
1455 424 1528 476 jus

112 502 247 543 habet
268 502 312 541 id
335 500 508 553 agendi,
529 512 614 552 vg.
637 511 773 551 quum
814 498 1023 550 Princeps
1047 501 1167 535 metu
1190 493 1393 547 supplicii
1427 492 1528 532 sub-

113 571 230 611 ditos
255 574 406 609 movet
428 568 484 608 ad
509 567 628 620 leges
651 567 893 606 servandas
916 580 923 614 ;
956 564 1123 618 injuste,
1146 576 1283 616 quum
1318 561 1530 601 incutitur

112 638 169 678 ab
203 651 255 677 eo
287 637 363 689 qui
396 636 468 688 jus
510 636 572 675 ita
604 635 766 688 agendi
811 648 900 675 non
935 634 1084 682 habet,
1119 646 1203 685 vg.
1245 645 1383 684 quum
1415 629 1530 670 latro

111 707 270 747 viatori
308 711 497 745 mortem
536 702 756 744 intentat.l
820 704 921 744 Hoc
959 703 1093 756 igitur
1126 700 1358 741 verborum
1398 711 1529 738 sensu

114 781 257 815 metus
280 774 440 814 dicitur
460 772 513 813 ab
546 772 773 813 intrinseco
806 786 943 825 quum
981 785 1069 811 non
1108 771 1170 810 ita
1204 769 1427 816 incutitur,
1450 768 1528 808 sed

115 842 200 896 zpse
230 850 427 891 metuens,
449 842 503 881 ad
524 841 816 882 avertendum
840 841 1020 888 malum,
1043 841 1133 879 sive
1156 853 1213 879 ex
1236 838 1379 878 causis
1401 842 1529 876 natu-

113 912 289 961 ralibus,
325 912 417 952 sive
456 924 513 950 ex
551 910 637 950 alio
680 923 946 963 quocunque
989 908 1242 955 infortunio,
1280 907 1532 954 imminens,

114 980 228 1020 nltro
245 980 369 1033 eligit
388 979 568 1032 aliquod
595 979 792 1020 medium
814 979 933 1031 quod
958 978 1151 1030 alioquin
1188 990 1275 1016 non
1297 975 1503 1028 elegisset
1523 988 1531 1023 3

113 1056 162 1090 ut
177 1063 263 1103 vg.
299 1062 435 1102 quum
466 1053 685 1089 mercator
721 1048 777 1087 ad
809 1048 948 1087 vitam
981 1046 1331 1086 conservandam
1365 1056 1531 1083 merces

114 1120 156 1158 in
180 1132 301 1158 mare
323 1117 508 1172 projicit,
532 1123 608 1157 aut
630 1130 766 1169 quum
790 1116 888 1169 quis
917 1115 1142 1155 homicidii
1175 1128 1273 1154 reus
1295 1113 1530 1166 pecuniam

114 1188 324 1227 ministris
359 1186 557 1239 justitiae
600 1185 729 1226 offert
760 1191 808 1225 ut
839 1184 1072 1225 incolumis
1104 1183 1275 1223 evadat.
1359 1182 1431 1222 Ex
1463 1181 1531 1220 his

113 1261 238 1308 patet
274 1255 604 1295 distinctionem
641 1254 724 1294 hoc
765 1267 896 1293 sensu
933 1253 1127 1292 secundo
1170 1257 1398 1304 acceptam
1442 1262 1530 1288 non

115 1323 288 1364 desumi
312 1337 369 1362 ex
391 1336 444 1362 eo
466 1323 585 1375 quod
609 1322 773 1361 malum
807 1321 1016 1361 timeatur
1036 1320 1090 1360 ab
1121 1319 1349 1360 extrinseco
1371 1324 1447 1358 aut
1478 1316 1533 1357 ab

116 1391 343 1434 intrinseco
364 1396 629 1437 eventurum,
653 1391 730 1429 sed
753 1404 812 1429 ex
835 1403 888 1429 eo
911 1389 1031 1441 quod
1055 1388 1108 1428 ab
1129 1388 1360 1428 extrinseco
1382 1392 1458 1426 aut
1478 1384 1532 1425 ab

117 1461 344 1500 intrinseco
376 1459 579 1513 provenit
617 1472 759 1504 nexus,
799 1472 875 1498 seu
916 1457 1125 1505 influxus,
1171 1470 1259 1509 quo
1296 1461 1440 1495 metus
1484 1453 1533 1494 fit

115 1543 248 1570 causa
270 1542 346 1569 cur
367 1528 534 1580 aliquid
557 1528 634 1567 fiat
657 1534 732 1567 aut
765 1527 1006 1567 omittatur.

177 1609 272 1649 324.
309 1597 459 1637 Metus
503 1599 546 1647 3⁰
576 1602 643 1635 est
680 1595 924 1635 antecedens
955 1595 1024 1635 vel
1062 1593 1375 1638 c0nc07nz'lmcs‚·
1418 1604 1532 1644 quae

115 1681 244 1708 voces
287 1665 604 1718 intelligendae
657 1670 759 1704 sunt
810 1677 940 1703 sensu
993 1677 1034 1703 n.
1088 1673 1184 1713 241.
1228 1666 1435 1714 expofflto
1488 1660 1531 1699 in

116 1735 406 1776 divisionibus
448 1733 726 1787 ignorantiae
767 1732 1010 1772 tradendis.
1093 1731 1251 1783 Itaque
1291 1728 1534 1769 antecedens

116 1805 277 1845 dicitur
299 1809 442 1843 metus
466 1803 539 1855 qui
563 1801 750 1842 actionis
771 1815 900 1840 cansa
917 1806 996 1850 est,
1010 1800 1287 1840 voluntatem
1311 1798 1533 1838 movendo

117 1874 173 1914 ad
217 1874 466 1926 agendum:
513 1873 626 1912 sicut
665 1885 745 1924 vg.
789 1870 1008 1923 naufragii
1052 1875 1195 1909 metus
1242 1873 1532 1908 mercatorem

118 1947 267 1982 movet
304 1942 360 1982 ad
399 1955 567 1981 merces
604 1941 647 1980 in
685 1953 807 1979 mare
848 1939 1157 1992 projiciendas,
1196 1943 1340 1976 metus
1378 1936 1532 1975 mortis

117 2015 267 2050 movet
288 2015 539 2063 apostatam
575 2009 630 2049 ad
669 2008 801 2048 fidem
840 2008 1106 2060 negandam,
1129 2012 1273 2046 metus
1304 2003 1534 2058 gehennae

117 2084 395 2132 peccatorem
445 2084 595 2119 movet
637 2078 692 2118 ad
746 2077 1082 2117 contritionem:
1134 2088 1248 2128 quae
1298 2074 1359 2113 sic
1411 2071 1537 2111 fiunt>

116 2147 324 2187 dicuntur
360 2147 449 2187 fieri
477 2161 528 2187 ex
561 2153 684 2187 metu.
749 2147 899 2186 Metus
935 2145 1218 2184 concomitans
1254 2142 1325 2182 ille
1359 2147 1424 2181 est
1458 2139 1534 2192 qui

118 2216 246 2255 adest
268 2215 374 2254 dum
412 2222 536 2255 actus
565 2214 800 2268 perficitur,
833 2220 985 2253 tamen
1019 2226 1107 2253 non
1146 2218 1212 2252 est
1254 2224 1386 2251 causa
1418 2222 1532 2262 quae

116 2290 322 2337 agentem
346 2284 402 2323 ad
439 2290 587 2324 actum
611 2288 787 2323 movet:
821 2281 1080 2334 exemplum
1118 2287 1184 2320 est
1222 2281 1263 2319 in
1302 2284 1533 2331 peccatore

118 2353 206 2406 qui,
228 2351 479 2405 gehennam
513 2352 692 2404 quidem
726 2352 900 2396 timens,
940 2351 995 2390 ad
1034 2349 1344 2390 contritionem
1379 2352 1529 2385 tamen

124 2426 328 2461 movetur
350 2433 437 2460 non
460 2434 512 2460 eo
534 2421 714 2469 motivo,
737 2421 812 2460 sed
846 2419 931 2459 alio
954 2419 1163 2471 quopiam
1198 2430 1254 2456 ex
1278 2415 1328 2453 iis
1350 2427 1463 2466 quae
1487 2414 1532 2452 in

161 2571 169 2592 ¹
185 2571 263 2602 Vid.
280 2581 348 2612 v.g.
366 2571 400 2603 S.
422 2570 604 2612 Alphons.‚
620 2570 694 2601 Lib.
719 2571 751 2601 6.
770 2571 884 2602 Tract.
902 2570 934 2601 6.
955 2572 1008 2601 De
1023 2570 1256 2606 Matrimonia,
1276 2579 1309 2600 n.
1332 2568 1425 2605 1046.
