1716 2729
122 103 192 131 nn.
217 101 283 141 22,
307 84 358 142 23
379 105 388 142 ;
412 91 496 145 25.]
597 89 649 130 de
667 89 850 131 Actibus
870 89 1105 130 Humanis.
1450 98 1524 142 151

179 217 277 257 403.
311 206 469 259 Itaque
516 211 568 255 1⁰,
608 204 728 259 quod
780 205 940 245 attinet
982 205 1037 245 ad
1090 211 1237 246 actum
1292 206 1528 254 internum,

123 275 369 315 notandum
393 281 458 315 est
480 275 787 328 quaestionem
812 287 899 313 non
922 287 1017 313 esse
1039 273 1122 313 nisi
1155 274 1211 313 de
1240 280 1340 314 actu
1362 272 1529 326 efficaci,

123 356 211 396 quo
232 343 302 383 hic
324 343 595 396 significatur
618 349 743 383 actus
766 342 840 395 qui
861 341 930 381 vel
953 341 1102 394 prodit
1134 342 1177 381 in
1211 348 1358 382 actum
1381 348 1526 382 exter-

124 425 240 461 num,
263 412 331 452 vel
354 412 453 452 ideo
475 418 650 452 tantum
670 424 756 450 non
781 410 928 463 prodit
944 410 1047 463 quia
1070 410 1218 451 obstat
1238 412 1529 463 impedimen-

123 485 218 520 tum
251 481 368 532 quod
394 480 514 520 nullo
537 480 672 520 modo
707 478 935 531 subjaceat
956 478 1176 519 voluntati
1200 481 1372 532 agentis
1394 494 1402 529 ;
1433 495 1532 534 v.g.‚

122 552 171 586 ut
193 560 283 586 rem
306 547 494 587 illustrat
518 547 588 587 De
608 545 765 600 Lugo,l
788 547 822 586 si
839 547 937 600 quis
960 547 1143 587 credens
1166 561 1212 587 se
1235 562 1364 599 posse
1387 548 1529 589 facere

121 615 342 655 actionem
386 621 632 665 externam,
677 617 820 669 reipsa
862 615 958 656 vult
991 629 1088 655 eam
1133 615 1286 664 facere,
1328 617 1441 656 adeo
1483 623 1532 658 ut

110 682 283 742 ¹habeat
305 684 507 724 ultimam
530 684 807 726 voluntatem
826 698 941 737 quae
973 685 1219 737 requiratur
1240 686 1295 725 ad
1319 699 1430 738 opus
1453 700 1530 726 ex·

120 753 409 805 sequendum,
431 759 475 793 et
496 760 660 802 tamen,
684 754 789 806 quia
822 753 878 793 ab
912 753 1060 805 aliquo
1093 759 1280 803 tenetur,
1318 754 1387 794 vel
1426 755 1529 807 quia

121 821 287 870 morbo,
310 835 387 874 vg.
412 821 617 874 paralysi,
642 823 792 862 subito
814 822 1059 875 corripitur,
1082 823 1143 862 sic
1176 823 1418 876 impeditus
1441 836 1529 862 non

121 890 292 943 perficit
315 892 536 932 actionem
562 897 810 932 externam.

176 971 273 1010 404.
307 960 484 1001 Deinde
509 965 552 1000 2⁰
575 961 778 1014 quaestio
805 961 981 1013 respicit
1004 966 1180 1000 tantum
1203 966 1322 1000 actus
1353 960 1531 1000 morali-

119 1033 248 1068 tatem
263 1044 282 1077 ,·
314 1029 420 1069 satis
443 1029 559 1069 enim
584 1034 772 1078 constat,
795 1029 837 1068 in
862 1029 913 1068 iis
942 1028 1076 1068 etiam
1100 1041 1213 1080 quae
1232 1024 1450 1081 'spectant
1472 1029 1529 1068 ad

118 1096 309 1137 hominis
339 1096 718 1149 justificationem,
740 1096 887 1149 plures
917 1109 1011 1136 esse
1045 1095 1227 1136 effectus
1250 1096 1324 1148 qui
1348 1109 1406 1136 ex
1430 1102 1531 1137 actu

119 1171 306 1205 externo
343 1167 405 1206 ita
441 1166 665 1219 profluant
703 1172 752 1206 ut
783 1165 967 1205 omnino
1000 1170 1225 1217 nequeant
1247 1178 1304 1204 ex
1328 1164 1530 1217 ejusdem

120 1233 340 1273 desiderio
391 1248 467 1275 seu
518 1235 753 1275 voluntate
804 1233 1089 1286 quantumvis
1146 1232 1311 1273 efficaci
1366 1233 1532 1274 haberi.

122 1300 355 1354 Ejusmodi
378 1315 464 1355 vg.
488 1308 554 1342 est
577 1301 855 1355 indulgentia
891 1315 1025 1354 quam
1059 1301 1156 1354 quis
1188 1301 1383 1342 lucratur
1404 1300 1534 1355 perfi-

119 1369 278 1410 ciendo
314 1384 449 1422 opera
471 1371 630 1423 quibus
668 1384 847 1411 annexa
881 1376 973 1420 est;
1011 1370 1209 1410 remissio
1245 1376 1528 1422 peccatorum

121 1452 255 1492 quam
278 1440 562 1492 consequitur
583 1439 819 1492 poenitens
842 1438 917 1491 qui
939 1438 1116 1478 attritus
1139 1443 1183 1478 et
1205 1438 1401 1491 alioquin
1424 1438 1531 1478 satis

120 1507 361 1559 dispositus
379 1514 707 1548 sacramentum
723 1507 1024 1560 poenitentiae
1046 1507 1230 1559 suscipit
1248 1521 1257 1553 3
1281 1520 1532 1547 sacramen-

121 1574 221 1615 talis
263 1576 407 1627 gratia
448 1589 562 1628 quae
613 1576 656 1615 in
709 1575 893 1628 singulis
946 1575 1235 1615 sacramentis
1287 1575 1501 1627 accipitur
1522 1589 1530 1625 ;

120 1643 293 1695 integra
334 1650 616 1696 peccatorum
659 1643 858 1683 remissio
899 1649 943 1683 et
979 1641 1146 1695 gloriae
1181 1656 1355 1692 corona,
1397 1656 1531 1695 quam

122 1709 364 1751 aureolam2
395 1717 568 1761 vocant,
591 1725 706 1764 quae
742 1711 1047 1751 conceduntur
1069 1709 1119 1749 iis
1142 1710 1216 1763 qui
1254 1724 1334 1763 pro
1369 1709 1532 1751 Christi

164 1825 174 1847 Ἰ
195 1826 301 1856 Tract.
315 1826 352 1857 de
367 1827 458 1857 Sacr.
478 1827 709 1863 Ραειιίίειιίίαε,
732 1825 826 1866 Disp.
848 1825 896 1856 16.
914 1832 993 1856 sect.
1014 1825 1059 1856 ix.
1078 1836 1111 1855 n.
1130 1825 1210 1864 456.

165 1869 178 1888 2
195 1870 248 1901 De
260 1869 310 1900 his
326 1870 482 1901 omnibus
498 1870 674 1901 videantur
690 1870 867 1900 Tractatus
882 1869 922 1899 <le
942 1870 1173 1905 Sacramentzs,
1191 1872 1222 1899 et
1239 1867 1275 1898 de
1296 1868 1531 1909 Indulsgentz'z's.

169 1914 192 1929 “
206 1914 349 1944 Aureola
367 1914 456 1945 idem
472 1918 569 1944 sonat
585 1923 624 1944 ac
639 1924 758 1944 corona
773 1923 875 1943 aurea
892 1912 1022 1944 minor:
1041 1912 1163 1943 (licitur
1187 1922 1313 1947 corona,
1331 1912 1410 1953 quia
1433 1913 1532 1944 datur

121 1956 157 1987 in
181 1957 365 1997 praemium
392 1957 568 1995 victoriae;
593 1967 705 1995 aurea,
726 1957 771 1987 ob
795 1956 865 1997 ejus
883 1957 1048 1996 pretium;
1075 1957 1193 1993 minor,
1213 1961 1364 1996 respectu
1388 1965 1532 1987 coronae

122 2010 274 2041 magnae.
291 2000 348 2031 i.e.
368 2001 556 2032 essentialis
580 2000 797 2031 beatitudinis
817 2006 849 2031 et
874 2001 1011 2040 gloriae.
1059 2000 1094 2031 Si
1112 2010 1181 2030 rem
1198 1998 1305 2040 ipsam
1331 2003 1531 2039 spectemus,

123 2043 257 2074 aureola
273 2049 321 2074 est
337 2045 495 2084 gaudium
512 2043 719 2075 accidentale
732 2055 752 2074 a
776 2043 887 2074 Beatis
905 2043 947 2074 de
963 2043 1122 2083 singulari
1138 2043 1283 2084 quadam
1301 2042 1440 2073 victoria
1457 2053 1528 2083 per-

122 2093 266 2127 ceptum,
309 2089 399 2128 quod
430 2088 530 2119 etiam
570 2088 604 2118 in
641 2097 761 2129 corpus
799 2093 876 2128 post
914 2086 1190 2118 resurrectionem
1228 2085 1365 2127 speciali
1403 2085 1531 2127 fulgore

122 2131 335 2161 redundabit.

169 2175 191 2190 “
208 2174 353 2204 Aureola
367 2180 415 2205 est
431 2174 768 2216 triplex‚Martyrum,
781 2173 967 2214 Virginum,
981 2179 1013 2204 et
1030 2174 1223 2204 Doctorum.
1260 2172 1425 2212 Martyres
1441 2172 1530 2203 enim

122 2217 259 2248 vincunt
287 2218 446 2248 mundum
478 2223 674 2259 contemptu
704 2217 820 2248 mortis
837 2230 845 2253 ;
877 2217 1030 2258 Virgines
1063 2227 1206 2253 carnem,
1237 2216 1329 2256 cujus
1361 2216 1528 2247 illecebris

123 2261 302 2298 resistunt3
323 2262 486 2292 Doctores
515 2262 641 2302 aliique
658 2261 751 2292 verbi
779 2260 844 2292 Dei
870 2260 1011 2291 ministri
1039 2265 1138 2301 atque
1172 2260 1368 2300 interpretes
1391 2259 1529 2290 vincunt

120 2304 303 2339 diabolum,
321 2315 422 2346 quum
449 2315 467 2335 e
494 2305 649 2336 cordibus
663 2305 837 2336 hominum
854 2304 947 2335 illum
965 2304 1133 2344 expellunt
1150 2313 1157 2340 ;
1184 2303 1326 2344 ideoque
1342 2313 1444 2343 quum
1465 2304 1473 2318 ‘
1486 2303 1529 2333 ad

117 2348 281 2390 justitiam
309 2349 461 2379 erudiant
492 2348 624 2382 multos,
649 2348 743 2389 quasi
770 2348 886 2379 stellae
910 2348 1085 2388 fulgebunt
1116 2348 1150 2377 in
1181 2352 1357 2388 perpetuas
1388 2346 1528 2377 aeterni-

120 2390 230 2423 tates.'
244 2391 262 2406 ’'
324 2391 515 2432 Schouppe,
551 2393 722 2423 Elementa
751 2392 784 2422 T
778 2392 936 2432 heologiae
964 2391 1185 2432 Dogmalicae,
1216 2390 1328 2420 Tract.
1364 2398 1412 2429 19.
1475 2390 1530 2420 De

123 2436 327 2467 Novissimis.
344 2435 427 2476 Cap.
446 2435 465 2465 i.
485 2445 517 2466 n.
537 2434 592 2474 98.

166 2480 218 2510 De
235 2478 376 2510 aureolis
393 2479 460 2509 vid.
477 2479 577 2509 etiam
604 2479 638 2510 S.
659 2478 819 2514 Thomas,
837 2478 888 2509 In.
905 2487 937 2518 4.
958 2478 990 2509 d.
1010 2486 1064 2517 49.
1085 2489 1116 2519 q.
1135 2483 1176 2518 53
1206 2476 1338 2513 Sum-ez,
1364 2476 1472 2508 Tract.
1493 2475 1532 2507 de

126 2523 250 2554 Ultimo
281 2523 365 2553 Fine
391 2522 558 2559 Hominis,
589 2521 684 2563 Disp.
710 2522 752 2553 xi.
777 2526 856 2553 sect.
885 2529 914 2562 3.
941 2520 1017 2561 (Ed.
1044 2521 1155 2556 Vives,
1181 2520 1279 2551 Tom.
1306 2519 1350 2550 iv.
1374 2530 1408 2560 p.
1428 2518 1526 2560 132);

122 2566 267 2607 Struggl‚
303 2565 472 2603 7lceoqu'z'a
496 2566 703 2606 Dogmatz'ccz,
730 2565 820 2596 Part.
847 2565 868 2596 i.
889 2570 984 2596 tract.
1004 2575 1036 2604 4.
1062 2565 1149 2605 disp·
1169 2563 1190 2594 i.
1217 2567 1343 2604 quaest.
1365 2571 1396 2603 3.
1415 2569 1476 2595 art.
1493 2574 1525 2594 v.

120 2620 152 2642 n.
173 2609 215 2647 6;
235 2609 379 2644 Lessius.
398 2609 450 2639 De
465 2609 603 2639 Summo
617 2609 720 2646 Bono,
741 2608 816 2641 Lib.
837 2608 870 2639 ii.
887 2619 960 2650 cap.
980 2616 1032 2639 21.
