1716 2729
179 125 203 158 2
212 127 231 170 5
241 128 262 157 2
620 114 922 168 Compendium
946 115 1177 155 Tractatus

181 242 335 267 casuum
362 242 407 265 ex
432 230 600 265 terminis
626 236 800 271 constat;
826 229 986 275 ideoque
1013 236 1254 264 recensentur
1279 229 1327 263 in
1342 229 1459 263 altera
1475 236 1580 281 parte

181 278 353 332 principii
376 276 565 330 [151-155]·
594 278 689 312 haec
719 276 949 311 illustrantur
975 276 1154 322 exemplis
1183 277 1347 317 abortus,
1378 276 1576 310 occisionis

180 324 403 369 innocentis,
424 324 623 359 occisionis
641 323 708 358 sui.
735 322 939 369 [162-176]

229 390 390 434 QUAER.
411 396 479 431 14⁰.
507 388 701 434 Quaenam
719 387 890 421 adllzberz
899 388 1047 432 possznt
1061 387 1214 432 reculae
1231 386 1285 420 ad
1297 386 1581 432 dy'udzcandum

177 437 304 482 qualis
320 436 421 470 ratze
439 436 578 481 agendz
591 437 632 469 in
647 436 810 479 singule&
827 435 971 468 casibus
987 435 1238 479 requiratur?

228 500 346 534 RESP.
375 500 464 533 Non
489 505 613 544 potest
640 497 821 543 assignari
847 498 975 542 regula
1001 497 1231 532 universalis.
1282 497 1380 531 Octo
1397 495 1580 531 recenseri

179 552 337 591 possunt
355 547 506 590 regulae
525 546 718 590 speciales
771 525 936 579 Ouaru⁵n1
957 547 988 579 1³
1005 551 1081 597 estu,
1091 551 1238 596 praeter
1256 542 1377 588 ipsum
1395 544 1581 578 humanae

179 593 363 628 libertatis
381 605 503 633 usum,
515 593 855 645 necessitatemque
870 591 1083 626 commercii
1097 591 1193 625 inter
1210 590 1381 624 homines
1396 590 1581 629 servandi

181 641 255 674 alia
284 652 359 674 non
388 640 585 684 requiritur
603 638 709 682 ratio,
728 638 873 684 quoties
893 638 945 682 (a)
966 638 1166 682 periculum
1197 637 1350 672 effectus
1369 637 1456 671 mali
1476 649 1581 672 secu-

181 687 252 722 turi
271 698 345 721 non
366 686 412 721 sit
436 686 643 731 probabile,
669 692 733 720 aut
760 686 812 729 (b)
841 697 955 719 causa
980 691 1127 719 tantum
1154 691 1294 719 remote
1321 691 1516 719 concurrat
1534 685 1581 718 ad

180 735 322 768 malum
351 733 553 768 effectum:
595 741 640 779 2a
666 732 760 766 ratio
794 744 838 766 eo
873 732 992 776 major
1016 731 1217 784 requiritur
1245 742 1318 776 quo
1347 732 1497 776 gravius
1526 739 1582 766 est

181 782 322 815 malum
349 780 585 825 praevisum:
606 789 638 831 3
645 803 656 822 ‚
673 778 767 813 ratio
785 778 905 824 major
922 778 1118 824 requiritur
1135 790 1248 823 quum
1267 790 1383 822 agens
1402 778 1582 823 impedire

181 828 280 862 valet
298 839 344 862 ne
363 827 504 861 malum
522 826 682 865 eveniat,
702 837 815 871 quam
841 837 871 859 si
891 827 1031 860 malum
1061 832 1160 860 esset
1187 825 1337 859 aliunde
1365 833 1582 860 eventurum

181 874 329 909 etiamsi
374 874 435 908 ille
464 885 539 907 non
569 880 718 917 ageret·
745 878 799 913 43,
834 872 928 906 ratio
962 884 1006 906 eo
1039 873 1161 906 minor
1194 872 1328 907 sufficit
1361 884 1435 924 quo
1466 883 1583 906 causa

180 922 306 965 magis
339 927 483 955 remote
517 921 659 954 confert
693 919 741 954 ad
776 921 914 953 malum
945 920 1202 954 efficiendum·
1251 927 1299 963 53,
1333 919 1428 953 ratio
1462 919 1584 953 minor

182 968 318 1003 sufficit
349 968 379 1002 si
410 967 564 1002 effectus
593 974 738 1001 tantum
768 964 1022 1011 probabiliter,
1050 978 1163 1011 quarn
1188 965 1218 1000 si
1253 972 1354 1000 certo
1385 966 1511 1010 (atque
1539 976 1584 1000 eo

181 1015 303 1049 minor
331 1026 405 1060 quo
436 1014 558 1048 minus
595 1013 860 1058 probabiliter),
886 1021 1079 1047 secuturus
1109 1013 1389 1065 praevideatur:
1419 1013 1470 1053 63,
1488 1013 1583 1047 ratio

185 1062 307 1096 minor
337 1061 472 1096 sufficit
502 1061 531 1095 si
561 1068 693 1105 agatur
723 1061 770 1095 de
796 1060 867 1094 illis
897 1060 958 1112 qui
990 1059 1151 1105 speciale
1175 1060 1234 1105 jus
1265 1061 1404 1094 habent
1430 1071 1582 1093 causam

181 1108 371 1153 ponendi.
399 1114 448 1150 73,
479 1108 574 1142 ratio
600 1108 722 1142 minor
748 1107 882 1141 sufficit
908 1107 937 1141 si
964 1115 1096 1151 agatur
1121 1107 1167 1141 de
1186 1106 1255 1140 illis
1274 1107 1336 1159 qui
1354 1107 1454 1140 nullo
1472 1106 1582 1140 officii

182 1167 336 1190 munere
353 1155 453 1190 istud
478 1156 619 1189 malurn
645 1165 869 1199 praecavere
895 1160 1102 1196 teneantur,
1122 1165 1233 1198 quam
1261 1154 1290 1188 si
1309 1153 1429 1205 agitur
1446 1153 1492 1187 de
1511 1153 1582 1186 illis

182 1214 338 1255 quorum
374 1213 508 1236 munus
543 1208 600 1236 est
634 1201 723 1235 illud
757 1212 1002 1253 praecavere:
1046 1201 1087 1234 83
1105 1201 1265 1245 denique
1299 1201 1421 1234 minor
1449 1200 1583 1234 sufficit

181 1250 277 1284 ratio
296 1249 326 1283 si
346 1260 459 1283 causa
484 1249 532 1283 de
557 1260 631 1294 qua
656 1248 778 1292 agitur
803 1248 850 1282 sit
875 1247 1016 1293 aliquid
1044 1248 1125 1291 lege
1150 1256 1402 1292 praeceptum
1421 1258 1533 1292 quam
1552 1246 1581 1280 si

182 1296 229 1331 sit
259 1296 400 1341 aliquid
418 1295 570 1330 omnino
596 1302 730 1340 sponte
758 1295 1047 1347 suscipiendum.
1079 1275 1265 1346 &Quarti-m
1294 1305 1460 1328 omnium
1490 1293 1582 1328 ratio

182 1343 315 1378 eadem
335 1350 402 1384 est,
428 1354 546 1394 eaque
576 1354 620 1376 ex
650 1341 890 1387 praescriptis
921 1340 1100 1375 naturalis
1129 1340 1327 1386 aequitatis
1357 1341 1582 1385 desumpta:

181 1390 365 1424 rationem
398 1401 533 1434 requiri
568 1401 613 1423 eo
646 1399 840 1432 majorem,
874 1400 947 1433 quo
978 1389 1098 1432 majus
1133 1396 1189 1422 est
1223 1387 1503 1422 incommodum
1538 1399 1582 1421 ex

182 1437 333 1471 licentia
387 1437 631 1471 concedenda
683 1443 909 1476 secuturum,
949 1442 1062 1480 atque
1100 1435 1270 1469 sufficere
1311 1434 1494 1468 rationem
1537 1446 1583 1468 eo

181 1483 376 1528 minorem,
395 1495 468 1528 quo
499 1483 619 1527 majus
647 1490 703 1517 est
732 1482 1013 1517 incommodum
1041 1489 1253 1516 secuturum
1279 1493 1323 1515 ex
1353 1481 1581 1526 imponenda

181 1530 422 1576 obligatione!
440 1542 505 1565 seu
523 1542 568 1564 ex
587 1529 723 1574 agendi
741 1529 892 1564 licentia
910 1529 1144 1573 deneganda.
1173 1527 1379 1573 [179-191.]

228 1635 293 1668 EX
312 1643 449 1669 DICTIS
485 1642 703 1674 RESOLVES,
742 1639 779 1668 10
814 1633 1001 1668 Malitiam
1034 1640 1112 1667 tum
1147 1643 1283 1667 causae
1317 1638 1395 1666 tum
1426 1632 1580 1667 effectus

179 1693 292 1726 posse
310 1693 353 1716 ex
372 1682 506 1716 eodem
525 1689 610 1715 actu
629 1681 752 1725 agenti
769 1677 809 1714 'in
829 1681 976 1724 culpam
1005 1679 1198 1724 imputari:
1231 1690 1326 1723 quae
1354 1679 1450 1714 duae
1475 1680 1578 1714 mali—

179 1728 253 1762 tiae
271 1735 428 1773 possunt
447 1739 528 1762 esse
547 1729 604 1762 vel
623 1728 791 1772 ejusdem
809 1728 867 1761 vel
886 1727 1056 1761 diversae
1075 1726 1225 1771 speciei.
1254 1725 1436 1771 [192,10.]

227 1788 265 1816 2Ο
293 1784 428 1817 Levem
449 1794 531 1816 esse
550 1782 815 1826 obligationem
835 1780 1047 1815 abstinendi
1067 1782 1114 1815 ab
1133 1788 1217 1815 actu
1237 1780 1311 1826 qui
1329 1793 1373 1815 ex
1391 1793 1430 1816 se
1449 1780 1578 1816 leviter

181 1829 478 1875 peccaminosus,
498 1809 648 1863 leviterb
644 1837 789 1863 tantum
809 1829 845 1862 in
864 1828 1037 1863 effectum
1057 1827 1197 1862 influat.
1227 1827 1324 1872 [192‚
1344 1827 1412 1873 20.]

229 1891 268 1928 30
294 1885 453 1918 Reatum
483 1883 626 1928 peccati
659 1895 700 1917 m
729 1894 841 1916 causa
881 1882 1076 1917 voluntarii
1111 1882 1244 1917 incurri
1280 1883 1431 1927 quando
1465 1894 1578 1918 causa

181 1932 357 1976 ponitur‘
350 1958 358 1972 ,
385 1932 542 1975 ideoque
571 1930 704 1964 eodem
734 1930 848 1963 modo
877 1929 1010 1963 incurri
1042 1930 1119 1964 sive
1149 1936 1280 1973 postea
1310 1930 1469 1972 eveniat,
1499 1930 1577 1965 sive

180 1990 255 2013 non
274 1977 432 2021 eveniat,
447 1984 644 2022 peccatum
662 1977 709 2011 de
727 1988 801 2022 quo
819 1976 950 2021 agitur.
979 1975 1114 2021 [19:5⁶
1095 1985 1144 2020 3ο.
1137 1975 1166 2021 .]

227 2038 267 2076 40
284 2040 320 2067 et
341 2038 377 2076 50
406 2034 449 2066 In
480 2032 627 2076 culpam
658 2031 830 2084 imputari
862 2031 1013 2075 insuper
1040 2031 1223 2075 effectum,
1255 2038 1294 2066 ut
1324 2043 1366 2066 m
1390 2043 1427 2066 se
1451 2033 1577 2067 volun-

181 2081 326 2122 tarium,
348 2079 377 2113 si
404 2086 535 2123 postea
562 2086 708 2112 eveniat
735 2079 886 2123 quando
913 2090 1028 2122 agens
1054 2078 1172 2122 possit
1191 2090 1274 2113 eum
1294 2079 1499 2123 impedire:
1526 2080 1577 2114 ita

179 2139 267 2161 velo
296 2125 468 2171 imputari
498 2137 573 2159 non
607 2137 730 2169 posse,
749 2137 778 2159 si
810 2126 916 2159 aliter
946 2125 1118 2167 eveniat;
1147 2137 1260 2169 quum
1280 2137 1354 2160 non
1386 2133 1431 2160 Slt
1449 2127 1576 2160 volun

180 2174 295 2208 tarius
313 2185 384 2207 n131
412 2180 556 2207 tantum
582 2173 876 2206 denonzz'nalzssve
938 2170 1163 2224 Disputatur
1189 2172 1238 2212 (a)
1263 2184 1310 2206 an
1342 2173 1496 2207 effectus
1526 2173 1578 2207 sic

180 2220 358 2255 eveniens
387 2220 570 2254 rationem
601 2220 739 2253 habeat
769 2217 925 2263 peccati,
957 2219 1014 2262 (b)
1034 2230 1081 2252 an
1108 2219 1154 2253 sit
1182 2219 1428 2261 confitendus,
1454 2219 1509 2265 (c)
1527 2232 1574 2255 an

181 2268 389 2302 incurratur
408 2277 530 2311 poena
548 2265 748 2310 spiritualis
767 2265 798 2299 ei
820 2277 975 2299 annexa.
1006 2264 1105 2309 [192,
1119 2272 1159 2308 40
1176 2272 1212 2300 et
1233 2265 1299 2310 50.]

227 2331 267 2364 6⁰
294 2330 434 2364 Omnia
464 2329 524 2363 hic
551 2328 688 2362 tradita
718 2328 960 2373 intelligenda
988 2340 1070 2362 esse
1100 2340 1175 2363 non
1204 2330 1323 2363 solum
1354 2330 1401 2364 de
1436 2329 1479 2364 iis
1514 2330 1573 2375 qui

178 2388 330 2411 causam
351 2377 505 2421 alicujus
524 2375 677 2410 effectus
696 2375 948 2419 peccaminosi
970 2378 1126 2419 ponant,
1146 2376 1212 2410 sed
1238 2376 1351 2410 etiam
1377 2377 1424 2411 de
1451 2377 1494 2411 iis
1512 2379 1573 2422 qui

177 2423 392 2469 hujusmodi
411 2434 564 2458 causam
582 2423 730 2466 auferre
748 2422 953 2456 voluntarie
965 2424 1120 2466 praeter
1119 2424 1282 2457 mittant.
1313 2422 1412 2467 [19:2,
1430 2422 1501 2469 60.]

226 2495 329 2534 70-90
357 2491 441 2524 Hac
468 2490 601 2524 saltem
631 2488 775 2522 ratione
804 2487 839 2521 in
871 2489 1019 2532 culpam
1053 2489 1274 2532 imputanda
1297 2501 1380 2524 esse
1407 2497 1573 2535 peccata,

177 2549 199 2570 v
204 2548 247 2581 g.
282 2537 549 2582 blasphemias,
583 2535 729 2569 illorum
762 2534 835 2579 qui,
870 2535 1139 2569 consuetudine
1173 2536 1327 2580 abrepti,
1362 2538 1410 2571 ad
1443 2548 1570 2572 eorum

178 2584 359 2618 malitiam
389 2596 448 2618 vix
482 2594 645 2628 unquam
679 2581 885 2616 adv.e1tant
936 2581 1018 2616 Etsi
1053 2582 1152 2616 enini
1185 2583 1352 2628 plerique
1388 2583 1569 2628 ejusmodi
