1716 2729
114 100 155 126 n.
187 97 201 125 Ι
213 86 270 139 3.]
547 87 598 127 de
617 87 798 127 Actibus
819 87 1059 127 Humanis,
1472 101 1529 143 97

113 201 308 255 aliquem
351 201 535 255 obligari
572 202 627 242 ad
670 215 760 242 rem
805 202 1154 243 addiscendam:
1199 204 1348 255 primo
1391 206 1528 247 modo

112 269 302 311 absolute
321 276 365 311 et
376 277 460 323 per
476 285 520 310 se
534 286 553 319 ,·
584 271 646 310 sic
668 270 821 311 fideles
843 277 1050 312 tenentur
1071 271 1180 312 scire
1201 285 1281 324 vg.
1305 275 1525 325 quaedam

112 340 327 392 dogmata
361 339 489 380 fidei:
539 339 719 379 secundo
753 339 887 380 modo
929 344 1077 393 potest
1113 339 1248 379 homo
1290 343 1426 381 teneri
1468 343 1524 383 ad

112 406 281 460 aliquid
303 407 663 460 cognoscendum
700 407 844 448 solum
877 420 928 448 ex
956 407 1180 460 hypothesi,
1211 407 1279 448 vel
1303 409 1346 448 z'n
1377 409 1528 449 ordine

110 475 174 516 ad
203 474 409 516 actionem
445 488 579 528 quam
615 475 709 515 vult
747 475 984 529 perficere;
1014 481 1062 515 ut
1093 488 1180 528 v.g.
1205 476 1281 528 qui
1313 477 1521 529 sagittam

110 542 285 596 projicit
306 543 350 583 in
373 557 491 596 agro,
512 543 697 584 absolute·
728 557 816 584 non
849 549 1025 585 tenetur
1056 544 1164 583 scire
1194 557 1274 584 nec
1306 544 1525 598 inquirere

110 625 166 652 an
204 611 266 652 ibi
294 611 433 653 lateat
470 612 618 662 homo,
655 618 806 653 tamen
841 613 885 653 sz'
914 613 1011 653 vult
1042 613 1251 665 sagittam
1287 627 1330 653 eo
1360 614 1529 654 mittere

111 686 289 721 tenetur
325 680 370 721 id
407 681 526 722 scire.
591 681 662 721 Ita
695 680 957 722 SuaresiuS.l
1021 681 1122 722 Hoc
1161 682 1357 722 secundo
1389 683 1525 724 modo

113 754 321 789 tenentur
361 749 515 790 fideles
558 750 667 790 scire
706 763 792 803 v.g.
837 751 1064 792 Ecclesiae
1106 758 1393 805 praeceptum
1437 766 1525 805 quo

113 818 380 872 praecipitur
411 817 596 858 Missam
629 818 827 871 quodam
849 819 921 860 die
952 819 1066 860 festo
1088 820 1264 862 audire:
1299 821 1463 862 etenim
1485 822 1527 872 ii,

110 893 159 928 ut
180 893 317 941 patet,
338 887 413 940 qui
433 887 620 927 Missam
635 887 828 927 audituri
845 894 960 937 sunt,
982 889 1073 929 sive
1096 889 1189 929 dies
1214 896 1280 929 est
1302 890 1526 943 praecepti

108 955 200 995 sive
222 969 323 1006 non,
345 955 467 995 nullo
505 955 640 995 modo
675 962 882 996 tenentur
913 957 969 997 ad
1004 957 1208 998 notitiam
1241 958 1526 1011 obligationis

109 1024 437 1078 acquirendam.

168 1094 264 1144 248.
296 1092 678 1134 Animadvertunt
701 1097 755 1142 2⁰,
785 1094 829 1134 id
861 1095 982 1147 quod
1005 1109 1138 1148 supra
1169 1095 1225 1135 de
1256 1097 1399 1149 prima
1424 1110 1527 1136 con-

107 1162 277 1202 ditione
300 1167 368 1202 est
391 1162 660 1215 expositum,
684 1163 845 1217 requiri
862 1163 1073 1204 annalem
1102 1163 1233 1216 hujus
1255 1163 1528 1217 oblzgatz'onz's

108 1230 435 1282 cogitationem:
467 1231 576 1271 haec
611 1232 730 1272 enim
767 1232 849 1272 nisi
884 1232 1013 1281 adsit,
1047 1233 1285 1274 dicendum
1325 1239 1392 1273 est
1423 1247 1523 1274 cum

110 1297 335 1340 Suaresio2
359 1299 532 1339 “talem
555 1299 782 1341 hominem
794 1307 879 1353 per
895 1315 938 1341 se
953 1301 1135 1354 quidem
1159 1302 1296 1342 teneri
1314 1303 1370 1343 ad
1393 1303 1523 1342 istam

106 1368 339 1408 scientiam
373 1368 689 1421 acquirendam
751 1400 760 1408 .
822 1399 831 1407 .
895 1369 1182 1410 nihilominus
1219 1377 1370 1410 tamen
1413 1371 1527 1410 obli-

107 1436 335 1488 gationem
377 1436 581 1489 suspendi
638 1469 645 1477 .
709 1470 717 1477 .
778 1437 848 1478 vel
899 1438 1048 1490 potius
1084 1438 1311 1478 hominem
1353 1438 1410 1479 ab
1451 1439 1526 1479 illa

106 1504 315 1554 excusari,
352 1510 533 1557 propter
563 1505 877 1558 impotentiam
914 1507 1169 1559 proximam
1212 1513 1256 1548 et
1297 1507 1525 1553 moralem,

107 1586 220 1625 quae
243 1587 302 1613 ex
324 1572 513 1613 naturali
537 1573 759 1614 oblivione
780 1574 850 1615 vel
873 1575 1279 1616 inconsideratione
1300 1582 1398 1617 orta
1419 1576 1524 1617 est.'’

164 1653 259 1693 249.
295 1643 454 1695 Itaque
475 1649 601 1696 patet
623 1643 805 1684 omnino
828 1644 1115 1696 rejiciendam
1139 1659 1234 1685 esse
1256 1646 1524 1686 sententiam

105 1725 240 1765 quam
276 1711 621 1765 propugnabant
664 1711 906 1753 Navarrus3
938 1720 982 1753 et
1023 1712 1096 1753 alii
1138 1714 1320 1766 quidam
1364 1728 1387 1753 e
1430 1713 1524 1763 TT,

106 1780 429 1834 antiquioribus
464 1780 674 1821 docentes
710 1781 962 1822 vincibilem
995 1788 1039 1821 et
1060 1781 1328 1835 culpabilem
1350 1795 1526 1835 semper

106 1863 202 1890 esse
224 1849 520 1903 ignorantiam
542 1849 692 1902 legum
729 1863 779 1890 ac
816 1856 1155 1904 praeceptorum
1190 1864 1304 1904 quae
1335 1851 1393 1891 ad
1424 1864 1522 1903 pro-

106 1918 250 1971 prium
273 1918 485 1972 cujusque
516 1917 709 1958 officium
733 1918 968 1970 pertinent,
992 1925 1036 1959 et
1066 1919 1280 1972 cujusque
1297 1925 1451 1968 status,
1476 1926 1523 1960 ut

107 1988 244 2037 aiunt,
295 1987 593 2041 obligationes
644 1986 1014 2041 complectuntur.
1075 1987 1362 2041 Quamquam
1404 1989 1522 2029 enim

107 2055 386 2096 verissimum
409 2063 486 2106 est,
509 2056 629 2110 quod
645 2056 673 2095 ii
696 2061 1058 2109 argumentantes
1081 2057 1217 2106 aiunt,
1240 2057 1440 2109 quemvis
1462 2071 1521 2097 ex

108 2124 253 2166 officio
286 2125 423 2165 teneri
452 2125 562 2165 haec
595 2125 716 2173 scire,
750 2129 903 2165 tamen
940 2124 1032 2165 fieri
1074 2131 1223 2178 potest
1255 2132 1303 2166 ut
1334 2126 1444 2178 quiS‚
1463 2139 1520 2165 ex

109 2192 298 2233 naturali
319 2192 540 2235 oblivione
571 2199 649 2235 aut
680 2207 739 2233 ex
771 2193 1075 2234 advertentiae
1107 2193 1298 2243 defectu,
1333 2195 1389 2234 ab
1412 2193 1521 2233 obli-

108 2261 301 2314 gatione,
341 2267 390 2302 ut
425 2262 520 2314 jam
562 2261 772 2311 diximus,
822 2268 1050 2302 excusetur.
1134 2262 1192 2302 Et
1234 2262 1430 2315 quidem,
1473 2268 1522 2302 ut

155 2418 294 2449 ¹Tract.
321 2417 360 2448 de
391 2418 594 2456 Voluntaria,
622 2418 720 2459 Disp.
745 2427 779 2457 4.
806 2423 888 2449 sect.
913 2418 936 2448 i.
966 2429 1000 2448 n.
1030 2426 1081 2448 11.
1107 2418 1161 2449 Cf.
1181 2419 1368 2457 Laymann.
1389 2417 1466 2448 Lib.
1489 2426 1502 2448 1

111 2462 228 2492 Tract.
248 2461 284 2491 ii.
303 2471 378 2502 cap.
396 2461 441 2491 iv.
461 2471 494 2491 n.
516 2469 569 2492 10.

182 2506 292 2536 Tract.
309 2504 348 2539 <le
365 2505 532 2542 Censurz's,
553 2504 651 2546 Disp.
669 2514 701 2542 4.
721 2509 802 2536 sect.
823 2505 892 2535 viii.
911 2515 944 2535 n.
966 2503 1012 2535 18.
1031 2505 1110 2536 Vid.
1136 2514 1245 2545 supra,
1273 2514 1329 2535 nn.
1353 2512 1423 2543 107,
1445 2513 1520 2543 244.

151 2549 164 2568 3
178 2549 258 2580 vid.
279 2549 409 2584 Suarez,
426 2547 509 2579 ibid.
527 2558 561 2578 n.
583 2556 633 2587 14.

1368 2609 1402 2639 H
