1716 2729
168 115 181 142 1
190 114 244 144 02
753 103 982 144 Tractatus
1394 101 1488 157 [GU
1498 113 1573 154 RV,

162 219 322 260 deinde
359 219 416 260 ab
455 220 577 260 ebrio
614 219 737 260 fiunt.
799 220 1009 272 Jamvero
1049 218 1120 259 hic
1163 219 1474 271 inquirendum
1509 226 1576 260 est

159 293 322 338 utrum,
356 294 400 328 et
432 294 664 342 quatenus,
694 289 886 341 idipsum
924 288 1162 328 dicendum
1187 289 1243 327 sit
1276 288 1333 328 de
1365 288 1416 328 iis
1450 302 1577 341 quae,

159 356 296 397 modo
334 370 374 396 n.
400 357 499 409 256.
531 357 752 410 exposito,
790 356 1122 409 conjunguntur
1150 370 1250 396 cum
1289 356 1461 397 actibus
1498 356 1576 396 ali-

158 425 284 478 cujus
315 426 403 478 qui,
438 427 529 466 sive
551 425 818 466 vincibiliter
839 426 930 466 sive
968 424 1290 475 invincibiliter,
1327 425 1501 478 ignoret
1523 439 1577 465 ea

159 508 254 535 esse
277 494 340 535 ita
361 507 461 534 cum
486 493 658 534 actibus
681 493 769 533 suis
792 492 1043 545 conjuncta.
1106 491 1279 546 Quibus
1309 494 1576 546 praemissis,

159 570 216 603 slt

216 697 315 741 259.
351 686 690 744 Principium
714 687 755 731 I.
818 687 1080 741 Ignorantia
1101 687 1318 728 vincibilis
1351 702 1434 728 non
1464 687 1577 728 tollit

157 757 465 797 voluntarium.

213 824 309 864 260.
344 824 479 878 Quod
512 825 693 878 quidem
728 833 778 865 ut
809 826 1120 865 demonstrent
1153 825 1249 865 TT.
1272 825 1572 878 argumentari

154 890 300 932 solent
323 907 382 933 ex
404 907 458 934 eo
481 894 614 946 quod,
631 907 769 946 quum
789 894 1039 947 ignorantia
1060 893 1317 946 hujusmodi
1340 894 1395 935 sit
1417 893 1574 934 volun-

153 959 293 1010 taria,1
344 962 583 1003 voluntarii
626 968 754 1003 erunt
797 962 981 1003 effectus
1022 963 1097 1015 qui
1139 976 1198 1002 ex
1240 976 1292 1003 ea
1333 962 1572 1016 profluunt.

155 1028 282 1070 Haec
304 1037 455 1071 tamen
480 1031 604 1079 ratio,
621 1036 670 1070 ut
693 1037 821 1071 notat
845 1030 1106 1081 Suaresius,2
1123 1031 1299 1085 respicit
1321 1045 1373 1071 ea
1395 1037 1571 1072 tantum

152 1111 267 1150 quae
289 1099 400 1140 fiunt
423 1113 480 1139 ex
505 1099 757 1152 ignorantia
784 1100 1047 1140 antecedente
1066 1099 1125 1152 (n,
1149 1101 1283 1153 241.),
1306 1113 1420 1152 quae
1442 1113 1571 1140 cansa

152 1171 219 1205 est
238 1171 285 1205 ut
307 1165 416 1206 fiant
437 1180 447 1217 ;
470 1172 516 1206 at
537 1180 642 1206 vero
659 1166 927 1219 principium
951 1165 1138 1218 intelligi
1156 1166 1289 1206 debet
1314 1179 1402 1205 non
1425 1166 1570 1206 solum

151 1233 208 1273 de
245 1233 502 1288 hujusmodi
536 1235 801 1288 ignorantia,
823 1235 900 1275 sed
936 1235 1073 1275 etiam
1104 1235 1160 1275 de
1183 1248 1235 1274 ea
1266 1248 1379 1287 quae
1411 1235 1572 1276 dicitur

152 1303 447 1352 concomitans,
469 1316 583 1355 quae
616 1302 738 1343 nullo
777 1303 912 1343 modo
935 1308 1003 1342 est
1034 1316 1167 1343 causa
1191 1316 1342 1343 eorum
1366 1316 1481 1355 quae
1513 1303 1570 1343 ab

151 1378 314 1425 agente
337 1371 474 1412 fiunt:
499 1373 560 1412 sic
582 1386 662 1425 vg.
686 1374 707 1391 “
729 1372 764 1412 si
787 1373 885 1424 quis
908 1372 1084 1412 occidat
1115 1371 1305 1420 hostem,
1328 1378 1491 1424 putans
1523 1385 1571 1412 se

152 1440 354 1480 occidere
375 1442 529 1489 feram,
551 1454 640 1480 non
679 1440 797 1481 facta
830 1440 1063 1480 sufficienti
1091 1440 1322 1493 diligentia
1345 1441 1401 1481 ad
1426 1440 1569 1491 vitan-

151 1509 259 1550 dum
313 1509 617 1559 homicidium,
670 1510 790 1563 quod
834 1510 928 1550 sine
964 1509 1101 1550 dubio
1144 1509 1390 1562 imputatur
1431 1510 1470 1549 ei
1510 1509 1568 1549 ad

155 1577 332 1631 culpam
359 1577 424 1631 [ut
446 1578 578 1631 plane
610 1591 699 1618 non
716 1584 867 1631 posset
890 1577 982 1617 fieri
1005 1577 1087 1617 nisi
1102 1583 1218 1617 esset
1234 1575 1571 1631 voluntarium]‚

151 1647 325 1687 etiamsi
348 1646 423 1687 illa
445 1647 697 1700 ignorantia
718 1646 1004 1686 concomitans
1022 1646 1080 1686 sit
1099 1659 1108 1695 3
1131 1659 1235 1685 nam
1259 1646 1341 1686 etsi
1356 1645 1429 1686 ille
1450 1652 1567 1685 esset

151 1716 302 1756 animo
339 1716 401 1756 ita
422 1716 668 1757 virtualiter
704 1715 945 1767 dispositus
981 1715 1116 1767 quod,
1139 1715 1173 1753 si
1213 1715 1343 1755 sciret
1380 1714 1439 1754 ibi
1472 1728 1568 1754 esse

151 1784 394 1833 hominem,
416 1797 504 1824 non
528 1783 804 1832 interficeret,
827 1782 1115 1823 nihilominus
1138 1788 1319 1836 propter
1340 1782 1567 1836 negligen-

150 1853 260 1893 tiam
284 1851 536 1906 culparetur
559 1859 606 1893 ut
628 1851 876 1892 homicida:
910 1865 1014 1904 ergo
1041 1865 1128 1892 non
1152 1852 1297 1891 minus
1319 1851 1568 1904 culpandus

153 1927 221 1961 est
263 1934 316 1961 eo
353 1922 474 1973 quod
505 1921 566 1961 ita
608 1921 665 1961 sit
698 1920 883 1961 affectus
926 1920 1058 1973 quod,
1102 1920 1137 1960 si
1180 1920 1324 1968 sciret,
1356 1919 1570 1961 libentius

152 1987 430 2030 occideret.''3

213 2059 305 2099 261.
341 2059 611 2111 Principium
648 2059 781 2112 igitur
803 2059 951 2112 potius
982 2058 1299 2099 stabiliendum
1322 2064 1389 2098 est
1423 2072 1481 2098 ex
1513 2071 1566 2098 eo

154 2128 274 2181 quod
299 2140 449 2180 agens,
472 2128 507 2166 si
547 2127 810 2168 vincibiliter
840 2129 1013 2181 ignoret
1035 2141 1093 2167 ex
1126 2141 1206 2167 suo
1238 2133 1340 2166 actu
1375 2140 1564 2180 proven-

152 2202 301 2236 turum
325 2209 421 2235 esse
444 2194 651 2236 effectum
675 2202 750 2236 aut
787 2196 1164 2237 circumstantiam
1197 2196 1253 2236 de
1285 2209 1372 2248 qua
1396 2201 1565 2248 agatur,

153 2264 197 2304 id
252 2263 402 2317 aliquo
454 2263 589 2304 modo
639 2265 904 2317 suspicatur,
949 2278 1025 2305 seu
1074 2264 1119 2304 in
1159 2264 1333 2315 confuso
1376 2265 1433 2315 (n.
1475 2264 1561 2316 94.)

155 2332 480 2388 apprehendit;
518 2347 663 2386 neque
685 2334 802 2373 enim
841 2334 968 2374 aliter
998 2338 1146 2386 potest
1183 2332 1434 2385 ignorantia
1469 2345 1565 2372 esse

285 2488 298 2508 1
315 2489 393 2519 Vid.
412 2499 522 2530 supra,
541 2499 597 2519 nn.
624 2495 778 2529 225-227.

283 2532 296 2551 2
318 2532 427 2563 Tract.
445 2533 482 2563 de
507 2533 711 2569 Voluntaria,
739 2533 835 2573 Disp.
855 2542 887 2571 4.
906 2537 987 2563 sect.
1013 2531 1045 2562 ii.
1065 2542 1096 2562 n.
1119 2540 1166 2569 19.

314 2575 446 2613 Suarez,
467 2576 549 2606 ibid.
564 2586 596 2608 n.
616 2584 646 2616 3.
697 2576 762 2607 Vid
775 2576 909 2617 insuper
932 2575 1013 2606 ibid.
1034 2586 1064 2606 n.
1090 2583 1139 2614 19,
1159 2585 1257 2616 supra
1274 2575 1420 2605 citatum.
