1716 2729
85 66 158 93 nn.
188 64 202 92 1
212 55 349 106 8—20.]
559 56 611 97 de
630 57 812 98 Actibus
832 57 1068 99 Humanis.
1430 73 1443 100 1
1454 72 1476 112 3
1487 73 1504 101 Ι

80 168 196 218 dnm,
217 177 363 210 contra
395 171 715 212 inclinationem
757 173 847 226 ejus
867 173 939 213 cui
971 174 1038 213 vz's
1066 175 1269 226 infertur.
1334 176 1503 217 Exem-

82 239 205 291 plum
228 242 358 281 estin
388 255 442 281 eo
473 254 604 293 quem
637 241 745 281 totis
776 241 942 281 viribus
978 242 1276 283 reluctantem
1310 245 1498 285 ministri

78 306 280 366 justitiae
311 310 354 348 in
387 323 606 350 carcerem
638 309 853 360 trahuntg
888 310 996 350 item
1031 310 1074 350 in
1114 324 1167 350 eo
1199 312 1324 364 cujus
1355 327 1501 366 genua

82 389 264 417 ommno
295 378 336 417 vi
368 383 555 418 externa
586 391 735 418 coram
769 377 890 418 idolo
924 378 1225 427 incurvantur,
1249 386 1293 420 et
1331 395 1501 431 manue,

85 444 308 485 thuribulo
350 445 393 485 in
436 446 488 485 iis
528 446 689 498 posito,
732 452 967 486 moventur
1010 447 1066 486 ad
1113 447 1340 488 incensum
1378 449 1499 490 idolo

84 515 389 565 offerendum;
427 515 533 554 item
557 515 601 554 in
634 514 782 567 lapide
805 515 878 566 qui
913 528 1087 554 sursum
1130 515 1366 568 projicitur.
1431 517 1498 556 Ea

84 597 198 636 quae
219 584 281 623 sic
304 583 552 623 efficiuntur
574 583 760 623 violenta
784 583 870 623 dici
894 583 1049 623 solent.

143 665 236 706 345.
268 655 528 708 Aliquando
563 655 766 696 violentia
799 662 842 696 et
878 655 1031 696 coactio
1068 658 1227 697 eodem
1265 671 1396 697 sensu
1429 671 1497 697 Su-

84 732 274 766 muntur.
323 725 510 779 Saepius
532 740 636 766 vero
658 726 993 778 distinguuntur
1007 732 1055 766 ut
1080 740 1222 780 genus
1237 733 1281 767 et
1297 728 1468 780 species
1490 741 1499 776 3

83 794 196 835 adeo
218 800 266 834 ut
286 794 490 834 violentia
511 801 554 834 et
576 794 811 834 violentam
835 794 1042 834 dicantur
1063 795 1238 835 etiamsi
1263 803 1421 849 agatur
1443 796 1500 836 de

83 861 125 900 vi
148 861 270 901 illata
302 861 430 900 rebus
463 861 729 910 inanimatis,
752 860 906 900 coactio
943 867 1093 901 autem
1125 868 1169 901 et
1202 868 1387 902 coactum
1410 876 1499 902 non

83 929 287 969 dicantur
309 929 389 968 nisi
412 935 569 982 agatur
591 929 646 969 de
680 935 841 982 agente
873 929 1071 969 animato
1091 929 1118 968 :l
1143 930 1227 970 hoc
1264 944 1395 971 sensu
1417 944 1500 982 vg.

82 1003 228 1038 motus
251 996 411 1050 lapidis
445 998 529 1037 dici
567 1004 717 1050 potest
740 997 960 1047 violentus,
996 1012 1085 1038 non
1124 1005 1275 1038 autem
1300 1005 1500 1047 coaeum,-

81 1064 290 1105 animalia
311 1078 426 1114 vero,
447 1066 583 1106 etiam
606 1066 890 1116 irrationalia,
914 1067 1126 1107 dicuntur
1149 1075 1226 1108 aut
1251 1068 1499 1108 violentiam

82 1133 176 1186 pati
213 1138 289 1173 aut
329 1133 590 1174 coactionem.
656 1134 882 1187 Quoniam
929 1148 1034 1175 vero
1075 1136 1119 1175 in
1161 1135 1244 1176 hoc
1287 1136 1500 1176 Tractatu

84 1202 308 1254 agendum
331 1203 413 1242 erit
435 1208 610 1243 tantum
634 1203 690 1242 de
713 1203 885 1243 actibus
908 1203 1153 1254 hominum,
1179 1205 1337 1245 eodem
1369 1205 1502 1258 plane

84 1272 154 1312 hic
177 1272 331 1312 recidit
354 1278 540 1325 uterque
562 1272 774 1325 loquendi
799 1273 976 1314 modus.

144 1342 238 1392 346.
273 1341 339 1382 Ut
376 1341 481 1393 quid
519 1341 575 1380 sit
607 1340 841 1380 violentam
872 1353 949 1380 seu
985 1347 1185 1391 coactum,
1223 1343 1505 1396 requiruntur

81 1415 170 1449 tres
192 1409 479 1449 conditiones.
543 1409 801 1462 Requiritur
846 1412 887 1448 1⁰
910 1416 958 1449 ut
980 1409 1044 1449 vis
1083 1410 1294 1451 inferatur
1328 1425 1354 1451 a
1385 1412 1503 1464 prin-

81 1478 197 1530 cipio
227 1477 455 1517 extrinseco
471 1494 491 1526 ,·
514 1491 658 1530 neque
675 1478 793 1517 enirn
815 1477 1066 1527 violentum,
1089 1478 1169 1518 sed
1194 1479 1503 1528 volnntarhmn,

77 1552 154 1586 aut
191 1545 348 1586 saltem
372 1551 649 1598 spontaneum
672 1545 733 1598 (n.
758 1546 866 1599 41.)‚
885 1545 1048 1585 dicitur
1079 1546 1123 1586 id
1158 1547 1278 1599 quod
1302 1546 1504 1599 provenit

81 1630 107 1656 a
129 1616 345 1669 principio
360 1615 609 1656 intrinseco.
674 1615 939 1668 Requiritur
954 1618 998 1653 2⁰
1016 1621 1064 1655 ut
1087 1615 1122 1654 is
1145 1616 1214 1655 cui
1232 1616 1298 1655 vis
1320 1615 1504 1655 infertur

80 1683 197 1723 nz'ln'l
213 1684 413 1734 conferat,
435 1697 511 1723 seu
536 1683 657 1724 nullo
676 1683 811 1723 modo
840 1683 1094 1723 consentiat
1116 1683 1160 1722 in
1186 1683 1294 1723 illud
1318 1684 1438 1736 quod
1461 1682 1503 1722 vi

83 1758 270 1805 cogente
313 1752 419 1802 fiat;
462 1766 580 1802 nam,
622 1759 670 1793 ut
712 1753 774 1794 ait
819 1752 864 1794 S.
909 1753 1121 1802 Thomas,
1164 1756 1344 1805 “quum
1387 1752 1504 1793 actio

87 1821 269 1861 infertur
290 1820 346 1861 ab
378 1820 527 1874 aliquo
564 1822 799 1870 exteriore,
823 1827 1032 1871 manente,
1057 1821 1102 1860 in
1139 1834 1192 1861 eo
1215 1822 1290 1874 qui
1325 1821 1504 1874 patitur>

86 1889 302 1929 voluntate
324 1888 539 1941 patiendi,
565 1903 653 1929 non
677 1895 744 1930 est
777 1888 1046 1942 simpliciter
1084 1888 1318 1929 violentum
1333 1904 1354 1937 ‚·
1388 1891 1504 1941 quia,

88 1957 190 1998 licet
212 1957 284 1997 ille
305 1956 381 2010 qui
413 1958 581 2010 patitur
612 1971 701 1998 non
733 1957 933 1998 conferat
956 1956 1130 2010 agendo,
1161 1957 1330 1997 confert
1352 1963 1502 1997 tamen

88 2025 259 2066 volendo
279 2024 438 2079 pati.’'²
498 2026 677 2067 Praeter
709 2025 820 2067 haec
858 2026 960 2075 duo,
983 2025 1090 2078 quid
1126 2025 1306 2079 insuper
1343 2026 1504 2078 requiri

88 2108 146 2134 ex
169 2108 221 2134 eo
242 2101 378 2148 patet,
399 2096 518 2148 quod
541 2108 666 2135 secus
699 2094 887 2134 violenta
915 2095 1106 2134 dicenda
1137 2101 1254 2134 esset
1275 2107 1356 2147 vg.
1375 2093 1504 2147 justi-

88 2162 235 2204 ficatio
258 2162 503 2213 infantium,
526 2164 582 2203 ab
617 2163 869 2204 extrinseco
913 2162 1093 2216 quidem
1134 2163 1296 2203 collata
1325 2162 1398 2211 eis,
1428 2162 1503 2214 qui

89 2232 144 2271 ad
176 2230 539 2284 justificationem
580 2245 707 2272 suam
745 2231 854 2271 nihil
893 2230 1153 2271 conferunt:
1188 2244 1303 2283 quae
1337 2236 1503 2278 tamen,

89 2300 294 2340 omnibus
317 2299 568 2349 fatentibus,
591 2314 678 2340 non
696 2300 796 2340 ideo
811 2299 949 2340 debet
969 2299 1154 2339 violenta
1176 2296 1294 2339 dici.3
1344 2298 1502 2351 Itaque

135 2489 146 2509 1
163 2489 318 2528 Vid.v.g.
337 2488 468 2525 Suarez,
490 2488 596 2518 Tract.
613 2488 649 2518 de
671 2488 876 2525 Voluntario,
896 2486 992 2528 Disp.
1010 2494 1042 2517 2.
1060 2491 1143 2518 sect.
1159 2485 1180 2517 i.
1201 2495 1233 2516 n.
1251 2484 1281 2517 8.

134 2532 147 2552 2
162 2533 314 2567 Summa,
334 2540 361 2569 Ι,
381 2539 411 2562 2.
435 2531 572 2571 Quaest.
590 2530 623 2561 6.
641 2539 704 2562 art.
719 2537 747 2571 5.
768 2531 811 2562 ad
826 2538 859 2562 2.

125 2577 139 2596 3
155 2576 233 2607 Vid.
250 2576 377 2611 Alasia,
400 2574 458 2606 Tr.
476 2574 513 2604 de
527 2575 599 2605 Act.
616 2574 802 2612 Humanis,
827 2574 919 2604 Diss.
945 2581 970 2604 1.
992 2583 1067 2613 cap.
1083 2572 1129 2603 iii.
1144 2577 1206 2603 art.
1224 2571 1245 2604 i.
1275 2581 1305 2601 n.
1324 2579 1347 2602 1.
