1716 2729
151 123 235 154 220
741 115 781 156 T
779 121 970 156 metatus
1384 115 1443 169 [G
1452 125 1562 168 URY,

146 242 290 279 sensu,
314 243 483 284 nempe,
509 231 678 271 ‘Licite
700 238 848 284 potest
879 233 1106 286 appetitus
1130 231 1344 273 naturalis
1365 232 1560 285 gaudere

145 298 200 338 de
223 298 519 341 delectatione
551 301 820 354 procedente
853 315 910 342 ex
943 302 1034 342 suis
1066 301 1251 351 actibus,
1274 308 1489 354 tanquam
1512 302 1565 342 de

135 368 232 421 fine
251 367 436 408 obtento?

203 438 297 489 639.
334 441 355 458 “
372 437 614 481 Praemitto
637 439 845 490 secundo,
867 440 982 480 hanc
1005 439 1369 493 propositionem,
1393 442 1401 458 ‘
1419 440 1560 481 Licite

146 511 294 558 potest
317 508 543 560 appetitus
567 508 780 549 naturalis
804 509 893 549 suis
917 508 1089 549 actibus
1113 507 1219 557 frui,’
1242 522 1338 548 esse
1361 508 1561 561 proposi-

146 574 314 615 tionem
348 576 650 617 unz'versalem.
714 577 855 618 Patet.
919 578 1038 618 Nam
1071 577 1317 632 propositio
1348 577 1562 618 damnata

147 644 334 684 assumit
368 658 466 685 earn
502 647 719 686 rationem
755 652 971 699 tanquam
1007 646 1222 687 illativam
1256 645 1435 687 alterius
1463 659 1563 700 pro·

143 712 393 764 posithis,
432 714 651 755 ‘Licitum
689 721 756 755 est
793 717 1027 756 comedere
1065 722 1108 756 et
1145 716 1296 756 bibere
1330 729 1469 769 usque
1505 716 1562 756 ad

147 781 402 822 satietatem
445 789 627 836 propter
668 783 809 824 solam
851 784 1153 838 voluptatem?
1229 783 1276 825 Si
1319 790 1468 825 autem
1511 798 1564 825 ea

145 850 266 903 prior
307 851 565 904 propositio,
607 851 776 892 ‘Licite
825 858 973 905 potest
1025 853 1251 906 appetitus
1293 854 1404 902 ete.,'
1446 858 1563 893 esset

146 919 438 972 particularis,
462 926 578 961 esset
611 921 840 962 evidenter
872 922 1024 975 inepta
1055 922 1111 962 ad
1146 921 1419 962 inferendam
1448 921 1563 962 hanc

147 989 406 1030 secundam.
471 989 589 1030 Nam
623 1003 681 1029 ex
721 990 974 1043 particulari
1005 990 1225 1031 affirmata
1257 1004 1344 1031 non
1380 991 1564 1031 infertur

146 1056 382 1109 singularis
423 1091 431 1098 .
475 1091 482 1098 .
526 1088 535 1098 .
583 1058 742 1112 Itaque
793 1060 854 1099 sic
906 1059 1200 1111 intelligenda
1242 1065 1334 1100 est:
1379 1058 1565 1100 ‘Omnis

141 1125 359 1178 appetz'zus
379 1126 601 1167 naturalis
632 1127 749 1168 licite
781 1134 929 1181 potest
960 1129 1004 1168 in
1037 1129 1126 1168 suis
1159 1129 1331 1169 actibus
1353 1128 1564 1172 delectari

147 1193 347 1235 sistendo
370 1195 413 1234 in
437 1195 733 1236 delectatione
763 1196 942 1238 eorum.’
959 1196 978 1212 ’'

207 1262 303 1313 640.
336 1263 642 1305 Falsissimam
661 1265 793 1318 igitur
811 1279 907 1306 esse
930 1267 1055 1307 istius
1074 1266 1297 1307 clausulae
1315 1266 1564 1307 doctrinam

151 1344 283 1371 nemo
315 1338 381 1373 est
413 1333 518 1386 quin
550 1333 724 1374 videat:
757 1348 859 1375 nam
892 1335 928 1375 si
961 1349 1063 1376 vera
1095 1342 1223 1383 esset,
1245 1335 1391 1376 licitae
1419 1340 1567 1377 essent

153 1401 358 1450 ebrietas,
381 1401 519 1443 libido
552 1402 776 1453 effrenata,
802 1411 845 1444 et
867 1404 953 1445 alia
976 1404 1158 1457 quaevis
1180 1410 1364 1457 peccata
1385 1405 1428 1445 in
1452 1417 1568 1458 quae

151 1470 345 1510 hominis
369 1477 526 1512 natura
549 1472 675 1525 lapsa
697 1486 777 1513 suo
800 1474 998 1526 pondere
1020 1471 1186 1514 fertur.¹

212 1539 307 1590 641.
346 1540 421 1579 Ex
476 1539 543 1579 his
586 1547 711 1593 patet
763 1548 1077 1594 argumentum
1120 1541 1457 1582 Thomistarum
1509 1555 1568 1582 ex

152 1609 377 1649 damnatis
410 1609 476 1649 his
509 1610 890 1664 propositionibus
922 1611 1210 1663 desumptum
1234 1611 1355 1650 omni
1387 1624 1566 1664 prorsus

154 1678 311 1719 robore
348 1692 507 1719 carere.
573 1679 905 1732 Propositiones
947 1680 1064 1720 enim
1108 1693 1187 1720 eac
1220 1679 1418 1720 causales
1451 1685 1567 1729 sunt,

149 1760 270 1799 quae
300 1747 482 1799 quidem
517 1747 676 1787 merito
708 1748 910 1788 damnari
945 1753 1199 1801 potuerunt,
1223 1747 1305 1787 etsi
1336 1747 1566 1788 verissima

154 1820 272 1855 esset
293 1815 495 1855 doctrina
516 1815 742 1856 clausulae
774 1816 941 1869 prioris,
963 1816 998 1855 si
1021 1815 1132 1856 falsa
1163 1821 1280 1856 esset
1312 1829 1363 1856 ea
1386 1830 1499 1869 quae
1522 1816 1567 1857 in

155 1882 294 1923 altera
315 1883 513 1924 clausula
544 1883 734 1924 traditur
755 1890 804 1925 ut
826 1884 938 1925 ratio
961 1884 1132 1938 prioris.
1196 1884 1366 1937 Itaque,
1389 1890 1437 1925 ut
1475 1898 1566 1926 rem

155 1951 344 1993 illustrat
394 1952 455 1992 A.
504 1950 666 2005 Mayr‚2
714 1953 1098 2006 quemadmodum
1149 1952 1259 1994 haec
1310 1953 1569 2007 propositio,

156 2023 176 2039 “
195 2019 397 2061 Christus
420 2026 486 2061 est
509 2021 552 2060 in
577 2020 883 2072 Eucharistia;
916 2022 1022 2074 quia
1044 2027 1112 2062 est
1133 2021 1334 2074 ubique‚”
1366 2022 1568 2062 damnari

156 2095 319 2143 potest,
362 2095 407 2129 et
448 2089 628 2141 quidem
673 2095 720 2130 ut
763 2089 996 2140 haeretica,
1034 2103 1123 2130 non
1160 2096 1340 2143 propter
1376 2090 1567 2143 priorem

151 2157 416 2207 clausulam,
453 2171 566 2210 quae
603 2158 806 2198 enuntiat
843 2159 1009 2211 dogma
1046 2157 1147 2198 fidei
1187 2157 1457 2206 Catholicae,
1489 2158 1567 2199 sed

157 2232 340 2279 propter
357 2226 573 2266 rationem
590 2225 844 2279 adjectam,3
859 2227 921 2267 ita
943 2233 1124 2280 propter
1140 2226 1296 2267 falsam
1320 2227 1568 2267 doctrinam

200 2327 211 2347 1
229 2327 306 2358 Vid.
327 2327 425 2363 Viva,
443 2327 611 2358 Damnat.
643 2326 733 2357 Thes.
767 2327 873 2358 Theol.
908 2328 1061 2364 Trutina,
1080 2327 1120 2358 In
1141 2337 1237 2368 prop.
1252 2326 1272 2358 8
1289 2334 1331 2358 et.
1346 2335 1366 2367 9
1391 2327 1434 2358 ab
1466 2327 1566 2359 Inno-

154 2370 272 2402 -centio
289 2371 353 2401 XI.
372 2371 558 2407 damnatas,
575 2381 609 2400 n.
638 2377 690 2409 13.

202 2414 216 2437 2
239 2415 292 2445 De
306 2414 443 2445 Actibus
458 2414 640 2452 Humanis,
662 2413 762 2454 Disp.
784 2422 811 2445 1.
832 2419 959 2454 quaest.
978 2413 1026 2444 iii.
1045 2424 1076 2445 n.
1098 2422 1173 2445 200.

200 2457 214 2476 3
240 2458 298 2489 Est
315 2468 402 2489 error
421 2457 688 2499 Ubiquistarum,
707 2456 775 2497 qui,
791 2463 951 2499 negantes
963 2457 1147 2488 doctrinam
1160 2456 1566 2495 Transsubstantiationis,

158 2501 325 2532 docebant
349 2511 470 2542 corpus
492 2500 617 2533 Christi
642 2500 675 2531 in
708 2500 920 2531 Eucharistia
951 2511 1022 2532 esse
1053 2511 1092 2532 eo
1131 2501 1232 2531 modo
1266 2511 1331 2542 quo
1363 2501 1486 2542 ubique
1517 2505 1568 2533 est

160 2544 333 2581 divinitas;
359 2545 595 2576 existimabant
619 2544 708 2575 enim
732 2543 974 2575 humanitatem
999 2544 1125 2576 Christi
1148 2554 1208 2585 per
1224 2545 1381 2575 unionem
1405 2544 1566 2586 hyposta-

156 2588 257 2618 ticam
276 2588 400 2630 ubique
416 2599 499 2627 esse,
518 2589 602 2620 sicut
619 2586 774 2618 divinitas
790 2598 850 2628 per
865 2588 1125 2619 immensitatem
1137 2587 1261 2629 ubique
1277 2592 1337 2619 est.
