1716 2729
143 122 225 151 loo
732 110 962 152 Tractatus
1285 113 1288 116 ⁴
1371 112 1555 165 [GURv‚

137 228 366 276 recensita,
398 241 512 280 quae
556 229 740 268 omnino
785 229 1066 281 requiruntur
1109 234 1157 268 ut
1202 228 1452 281 ignorantia
1493 230 1549 270 sit

138 296 403 349 culpabilis:
456 296 613 337 horum
666 297 799 350 igitur
850 298 885 336 si
938 296 1006 336 vel
1059 310 1196 337 unum
1249 297 1388 346 deest,
1428 298 1549 351 quod

137 365 318 418 quidem
341 364 469 405 facile
491 367 664 406 evenire
696 372 856 418 potest,
879 366 1130 418 ignorantia
1162 379 1214 406 eo
1246 366 1342 419 ipso
1364 365 1551 407 efficitur

137 433 429 487 inculpabilis.

196 510 296 553 255.
329 503 490 555 Itaque
513 516 569 542 ex
592 516 727 555 supra
749 502 878 542 dictis
909 503 1118 555 sequitur,
1140 503 1175 544 si
1198 504 1297 556 quis
1320 504 1550 558 negligens

136 577 229 611 erat
252 571 295 611 in
318 571 550 612 studendis
573 571 623 610 iis
646 584 760 624 quae
783 571 848 610 sui
882 577 985 612 sunt
1016 573 1221 622 muneris,
1244 578 1287 613 et
1309 573 1411 614 ideo
1433 587 1551 614 nunc

134 645 311 680 tenetur
343 639 597 680 incumbere
629 640 673 679 in
707 653 759 680 ea
790 640 1074 690 addiscenda,
1097 646 1146 681 ut
1176 655 1256 694 v.g.
1281 641 1492 692 medicus,
1515 643 1550 682 si

132 707 422 762 pharmacum
446 714 629 760 aegroto
661 708 978 761 applicandum
1013 709 1199 762 ignorat,
1224 723 1276 749 eo
1300 710 1419 762 quod
1443 709 1550 751 olim

134 777 364 830 negligens
397 777 527 817 fuerit
564 777 607 816 in
645 777 697 817 iis
730 778 962 818 studendis
1000 791 1115 830 quae
1152 779 1208 818 ad
1249 784 1390 818 artem
1423 792 1549 819 suam

133 852 349 899 spectent,
370 852 523 886 tamen
546 847 581 886 si
605 847 749 899 reipsa
778 860 866 887 non
893 847 1098 887 advertat
1128 861 1174 887 se
1197 861 1344 887 carere
1366 848 1552 888 scientia

131 928 212 955 suo
251 916 420 955 muneri
463 915 616 955 debita
654 922 697 955 et
730 916 831 956 ideo
863 930 909 956 se
955 916 1142 969 obligari
1176 916 1231 956 ad
1267 930 1363 956 eam
1402 917 1550 957 addis-

132 984 332 1034 cendam,
365 984 616 1036 ignorantia
658 984 765 1036 ejus,
807 985 889 1025 etsi
935 992 1067 1025 antea
1111 992 1204 1026 erat
1246 985 1465 1026 vincibilis
1507 991 1550 1025 et

133 1052 381 1105 culpabilis,
407 1066 524 1093 nunc
548 1059 712 1102 tamen,
736 1067 873 1106 quum
899 1054 1012 1094 desit
1045 1055 1338 1103 advertentia‚
1365 1053 1550 1094 omnino

133 1120 414 1174 inculpabilis
437 1129 481 1162 ct
504 1114 770 1163 invincibilis
793 1120 886 1162 est.1

194 1225 287 1275 256.
321 1222 933 1280 Principia—Antequam
955 1226 1188 1266 tradantur
1219 1225 1434 1279 principia
1457 1226 1552 1278 qui-

134 1293 217 1332 bus
240 1294 483 1346 exponitur
500 1294 729 1347 quomodo
751 1301 795 1334 et
817 1300 1037 1348 quatenus
1060 1295 1311 1347 ignorantia
1333 1295 1376 1334 in
1400 1301 1549 1335 actum

136 1361 382 1402 humanum
415 1362 570 1403 influat
602 1363 801 1403 tollendo
833 1363 1145 1411 voluntarium,
1170 1364 1391 1417 quaedam
1424 1378 1551 1417 prae-

138 1428 357 1469 mittenda
380 1436 482 1469 sunt
505 1430 561 1470 de
583 1443 714 1470 sensu
738 1443 827 1482 quo
850 1429 894 1469 id
926 1429 1113 1483 intelligi
1136 1430 1311 1470 debeat.
1375 1430 1550 1471 Notan-

139 1497 246 1536 dum
270 1497 404 1550 igitur
431 1503 470 1538 10
491 1504 569 1547 est,
587 1498 768 1551 quando
791 1498 1017 1551 quaeritur
1038 1512 1094 1538 an
1117 1498 1369 1551 ignorantia
1390 1498 1551 1540 efficiat

138 1565 497 1617 involuntarium,
541 1567 620 1608 “id
670 1582 756 1608 non
810 1581 904 1608 esse
955 1566 1293 1620 intelligendum
1346 1568 1401 1607 de
1452 1574 1553 1609 actu

139 1634 384 1676 voluntatis
425 1637 572 1677 elicito
614 1643 691 1676 aut
734 1637 952 1689 imperato
992 1636 1224 1676 secundum
1264 1635 1553 1676 substantiam

141 1709 343 1754 spectato
369 1704 505 1757 (nam,
529 1711 577 1745 ut
611 1705 683 1754 sic,
707 1704 826 1744 haud
870 1704 1005 1744 dubie
1042 1710 1109 1743 est
1145 1703 1454 1758 voluntarius),
1477 1705 1553 1745 sed

143 1785 239 1811 esse
261 1771 601 1826 intelligendum
624 1758 680 1814 de
703 1779 803 1813 actu
833 1772 1076 1812 voluntatis
1108 1772 1339 1812 secundnm
1361 1773 1555 1826 aliquam

142 1839 516 1889 circumstantiam
549 1843 587 1883 ei
610 1842 882 1895 adjunctam,
904 1847 980 1881 aut
1003 1840 1247 1882 secundum
1270 1841 1459 1894 effectum
1482 1843 1556 1896 qui

145 1922 203 1949 ex
241 1909 318 1949 tali
360 1918 461 1952 actu
503 1912 702 1965 sequitur
751 1945 758 1952 .
812 1945 819 1951 .
872 1917 949 1951 aut
992 1910 1030 1951 ei
1073 1911 1412 1964 quomodolibet
1454 1925 1556 1952 con-

140 1977 370 2031 jungitur:
393 1994 477 2032 v.g.
493 1981 528 2020 si
546 1981 691 2021 Titius
713 1980 819 2020 velit
840 1979 1053 2033 projicere
1075 1979 1284 2031 sagittam
1304 1979 1346 2019 in
1365 1993 1555 2028 cervum,

148 2052 192 2086 et
228 2047 436 2100 ignorans
474 2049 649 2090 occidat
687 2048 929 2098 hominem,
952 2062 1039 2088 non
1073 2048 1297 2101 quaeritur
1338 2062 1395 2088 an
1436 2049 1558 2089 Titio

147 2115 396 2157 voluntaria
447 2118 504 2157 sit
556 2117 703 2157 volz'tz'o
756 2117 1018 2170 projiciendi
1065 2117 1290 2170 sagittam,
1341 2117 1411 2158 vel
1462 2118 1559 2171 ipsa

149 2185 335 2225 exterior
344 2185 545 2240 projectio
567 2185 641 2238 (dc
664 2186 732 2226 his
756 2187 872 2226 enim
897 2199 1029 2226 nemo
1051 2184 1258 2239 dubitat),
1281 2187 1359 2227 sed
1383 2192 1557 2227 tantum

150 2255 374 2307 quaeritur
391 2268 445 2294 an
464 2255 608 2294 occisio
628 2254 817 2295 lamminis
838 2269 896 2295 ex
918 2254 1192 2308 projectione
1209 2254 1286 2295 tali
1306 2256 1560 2308 ignoranter

151 2330 315 2372 secuta,
338 2323 395 2364 sit
416 2323 538 2363 Titio
560 2323 754 2363 dicenda
778 2323 1033 2363 voluntaria
1051 2320 1111 2362 Ρ”2

194 2428 205 2447 1
224 2428 277 2459 Ita
292 2429 388 2466 Viva,
412 2429 532 2469 Opusc.
555 2428 661 2458 leeol.
679 2427 804 2457 Μοναῖ.
822 2428 868 2465 I.‚
894 2427 1032 2467 Quaest.
1053 2436 1081 2466 3.
1102 2432 1164 2458 art.
1183 2438 1215 2457 v.
1234 2437 1268 2458 n.
1287 2435 1319 2457 2.
1361 2427 1440 2457 Vid.
1459 2428 1559 2458 etiam

153 2471 314 2510 Sanehez,
334 2472 379 2503 ln
392 2472 520 2509 Decal.‚
541 2471 616 2502 Lib.
639 2479 668 2501 1.
687 2481 761 2511 cap.
790 2471 855 2501 xvi.
887 2481 918 2501 n.
949 2479 1013 2510 41;
1042 2471 1196 2508 Lacroix,
1217 2471 1293 2501 Lib.
1325 2479 1352 2502 1.
1400 2471 1454 2501 De
1479 2471 1560 2501 Con-

160 2516 308 2551 scientia,
326 2526 358 2546 n.
376 2525 430 2555 42,
451 2521 481 2547 et
499 2515 574 2546 AA.
596 2515 675 2545 ibid.
693 2514 822 2545 citatos.

195 2560 208 2578 2¹
225 2560 349 2590 Cursus
366 2559 591 2599 Theologicus
619 2558 815 2589 Monasterii
842 2558 877 2589 S.
907 2557 1009 2595 Galli,
1036 2558 1092 2590 Tr.
1120 2558 1159 2588 de
1172 2559 1244 2589 Act.
1275 2557 1397 2595 Ham„
1418 2557 1507 2589 Sect.
1530 2565 1557 2588 1.

151 2608 279 2644 quaest.
298 2602 330 2634 8.
348 2603 530 2634 notandum
547 2611 579 2633 2.
