1716 2729
97 72 168 98 nn.
190 67 256 110 27,
275 60 355 108 28]
528 57 580 98 de
599 55 781 96 Actibus
800 55 1037 96 Humanis.
1424 55 1498 97 171

98 175 281 215 accedat
324 175 377 214 ad
433 179 695 223 extremam,
746 185 862 225 quae
905 169 1122 211 malitiam
1166 172 1292 207 actus
1324 161 1511 204 omnino

97 243 270 284 aufert.¹

155 314 250 363 469.
287 312 421 353 Porro
472 312 528 352 ad
580 309 921 352 discernendum
976 313 1123 347 utrum
1177 300 1509 345 circumstantia

100 380 316 421 malitiam
339 386 464 421 actus
487 379 734 420 notabiliter
752 382 915 430 augeat
937 389 992 416 an
1014 374 1165 415 leviter
1183 377 1373 418 tantum,
1394 368 1507 408 hanc

99 450 296 502 regulam
339 449 521 490 tradunt
562 448 739 488 TT.—“
756 446 808 486 In
851 444 1037 485 materia
1078 439 1388 496 quantitativa,
1432 449 1509 476 seu

101 532 216 572 quae
238 518 438 559 consistit
461 518 503 557 in
541 529 738 565 numero,
760 515 968 568 pondere,
992 518 1036 553 et
1068 522 1286 555 mensura,
1308 510 1511 546 censetur

101 587 432 627 circumstantia
454 584 703 625 notabiliter
721 595 970 636 aggravans
993 579 1173 634 quando
1187 576 1371 618 seorsim
1393 572 1510 614 suffi-

100 661 217 695 ceret
239 656 294 695 ad
318 660 550 707 peccatum
573 651 786 693 mortale:
820 656 868 690 ut
891 650 965 703 qui
988 649 1104 690 ultra
1125 645 1283 699 viginti
1315 642 1515 696 quinque

101 737 234 773 asses,
255 736 366 776 quos
388 735 593 776 suppono
615 720 814 761 sufficere
829 719 885 759 ad
908 723 1141 772 peccatum
1159 709 1376 761 mortale,2
1396 710 1511 750 fura-

99 797 218 832 retur
257 791 367 832 alios
407 790 565 844 viginti
607 790 815 842 quinque.
881 788 932 828 In
975 787 1072 827 aliis
1123 790 1273 825 autem
1316 778 1517 821 materiis

101 868 305 904 censetur
326 861 574 902 notabiliter
588 872 838 914 aggravans
852 858 1033 912 quando
1056 854 1312 896 notabiliter
1333 849 1514 892 excedit

103 931 286 971 modum
309 930 581 970 ordinarium
605 927 818 983 peccandi
842 927 886 967 in
918 924 1175 978 hujusmodi
1205 920 1400 962 materiis
1423 932 1432 968 3
1463 922 1514 957 ut

99 1002 134 1041 si
158 1001 257 1055 quis
279 1014 357 1054 per
379 1013 554 1040 menses
576 1006 620 1038 et
651 1010 793 1038 annos
813 999 1065 1049 perseveret
1098 993 1143 1032 in
1177 991 1282 1032 odio
1303 989 1515 1034 fraterno,

99 1070 142 1110 si·
171 1070 269 1122 quis
303 1069 533 1110 inimicum
576 1066 753 1107 occidat
790 1063 1074 1105 membratim
1104 1058 1396 1105 concidendo,
1431 1060 1512 1095 etc.

102 1137 150 1179 Si
173 1142 378 1178 neutrum
401 1150 460 1177 ex
493 1136 561 1176 his
599 1140 813 1183 occurrat,
838 1138 1042 1173 censetur
1063 1130 1217 1171 leviter
1235 1137 1512 1182 aggravans:

101 1220 186 1260 v.g.
222 1206 343 1259 quod
367 1205 435 1245 fur
456 1204 714 1258 surripuerit
735 1203 919 1256 triginta
937 1214 1068 1250 asseS,
1092 1198 1212 1252 quod
1244 1201 1347 1251 post
1368 1195 1515 1234 rixam

102 1276 201 1330 quis
233 1275 369 1315 iratus
411 1272 690 1327 aliquantulo
731 1278 934 1324 tempore
976 1270 1019 1310 in
1063 1268 1168 1308 odio
1209 1261 1514 1320 permanserit,

100 1343 232 1387 etc.''³

160 1425 260 1469 470.
295 1414 385 1454 Hic
417 1413 563 1453 solent
595 1411 687 1452 TT.
721 1406 958 1463 inquirere4
989 1420 1095 1448 num
1131 1411 1279 1446 actum
1318 1399 1516 1454 alioquin

104 1485 272 1526 bonum
316 1482 498 1522 omnino
541 1484 796 1533 corrumpat
836 1475 1171 1519 circumstantia
1212 1471 1395 1526 quaevis
1445 1467 1517 1509 vel

104 1552 259 1594 leviter
281 1549 429 1590 mala?
494 1549 622 1589 Haec
655 1554 807 1588 tamen
845 1545 1049 1600 quaestio
1078 1541 1357 1583 commodius
1389 1533 1520 1578 infra-⁵

103 1620 381 1668 tractabitur,
403 1632 541 1672 quum
578 1615 946 1669 investigabimus
983 1618 1202 1667 quatenus
1229 1615 1380 1649 actum
1413 1605 1522 1647 alio-

108 1691 214 1744 quin
236 1687 404 1730 bonum
428 1691 684 1739 corrumpat
706 1684 849 1725 malus
872 1683 1015 1736 quivis
1038 1680 1136 1721 finis
1159 1678 1342 1732 agentis.

650 1841 668 1885 ἓ
700 1848 737 1889 3.
770 1836 840 1875 De
856 1834 976 1877 Fine.

167 1938 265 1980 471.
299 1922 765 1970 Definitio—Finis
796 1922 840 1961 in
873 1934 1035 1974 genere
1067 1926 1133 1958 est
1176 1915 1289 1957 illud
1320 1915 1383 1955 ad
1413 1913 1530 1967 quod

111 1997 420 2052 assequendum
461 2003 562 2049 opus
602 1993 850 2034 ordinatur.
914 1990 1041 2043 Quae
1077 1987 1279 2028 definitio
1317 1984 1525 2025 convenit

111 2074 208 2109 tum
232 2066 306 2106 fini
329 2065 475 2118 operis,
497 2070 592 2104 tum
615 2062 691 2102 fini
713 2059 939 2113 operantis.

157 2218 166 2239 ¹
184 2220 263 2251 Vid.
280 2229 347 2259 vg.
369 2219 472 2259 Gury,
493 2218 583 2248 Part.
608 2217 631 2248 i.
648 2227 682 2247 n.
700 2215 778 2247 616.

156 2265 170 2285 2
187 2264 284 2295 Haec
307 2262 444 2304 quidem
468 2261 651 2292 inserviunt
674 2260 716 2290 ad
744 2256 976 2290 illustrandam
1001 2266 1071 2286 rem
1096 2254 1139 2286 de
1162 2264 1229 2294 qua
1255 2252 1309 2283 hic
1334 2250 1462 2292 agitur;
1491 2254 1524 2281 at

113 2313 258 2340 statuere
273 2316 439 2348 quaenam
456 2304 565 2345 reipsa
581 2304 623 2335 sit
639 2303 791 2338 materia,
806 2306 843 2332 ut
863 2301 969 2338 aiunt,
983 2299 1112 2340 gravis,
1139 2307 1224 2338 quae
1241 2294 1380 2327 sufficiat
1396 2298 1431 2325 ut
1448 2303 1524 2334 pec-

114 2358 228 2383 catum
243 2350 320 2381 furti
336 2350 378 2380 sit
395 2349 543 2385 mortale,
561 2348 705 2389 pertinet
720 2347 763 2377 ad
779 2346 976 2376 Tractatum
998 2344 1052 2374 De
1075 2341 1217 2382 Justitm
1243 2344 1270 2371 et
1295 2340 1397 2380 Jure.
1441 2336 1526 2368 Vid.

115 2407 170 2459 V'gs
197 2384 1144 2472 ffiffilyrz,&2352331‘25,s1325;2a”;{‘};,¹¹a;;f¹·4?⁶25{5{⁷1:
1164 2427 1177 2468 i
1196 2435 1228 2457 2.

160 2483 172 2503 4
189 2481 268 2512 Vid.
285 2491 351 2521 v.g.
368 2481 473 2520 Gury,
490 2478 578 2509 Part.
597 2478 620 2509 i.
639 2488 672 2508 n.
691 2485 745 2517 27.

159 2526 172 2546 5
193 2526 268 2557 Vid.
286 2524 383 2561 infra,
402 2534 435 2554 n.
462 2528 536 2563 535.
