1716 2729
192 94 209 123 1
219 94 272 135 32
749 83 791 126 T
786 91 981 126 metatus
1424 85 1601 140 [GURY‚

188 203 232 251 3⁰
255 200 490 253 requiritur
512 206 560 241 ut
583 199 655 241 ille
678 201 746 242 cui
769 201 833 242 vis
852 201 1038 242 infertur
1059 201 1204 242 eidem
1226 200 1431 252 obsistat?
1454 203 1489 243 si
1513 217 1600 243 non

185 268 426 318 actualiter,
460 267 619 309 saltem
653 268 1007 323 inte7p7‘elatz’ve,·
1049 283 1164 323 quae
1199 284 1330 311 voces
1361 285 1499 324 quum
1530 271 1601 314 hic

187 337 346 378 eodem
364 351 495 378 sensu
518 351 607 390 quo
629 352 763 392 supra
794 353 837 379 n.
859 339 928 390 46.
964 345 1209 389 sumantur,
1234 340 1335 380 ideo
1366 340 1598 382 violentum

185 407 271 447 dici
309 407 444 448 debet
477 421 566 448 non
604 407 748 449 solum
787 422 924 461 quum
960 409 1058 461 quis
1096 408 1259 450 invitus
1297 409 1339 449 in
1376 424 1595 451 carcerem

184 475 384 525 trahitur,
408 476 484 516 sed
508 477 643 517 etiam
667 491 805 530 quum
828 478 926 530 quis
949 478 1174 519 dormiens
1201 479 1595 520 occiditur.—Non

184 545 346 585 desunt
368 544 476 595 TT.,
499 552 547 586 ut
569 559 651 598 vg.
686 545 821 598 Gury‚
844 546 919 599 qui
953 550 1030 597 4³³¹
1060 547 1248 600 exigunt
1281 548 1599 598 conditionem,

183 626 345 666 nempe
367 619 416 654 ut
437 614 503 654 vis
526 613 738 655 inferatur
761 628 786 655 a
808 628 941 655 causa
963 614 1099 656 libera
1118 630 1133 655 .·
1164 629 1253 655 non
1275 621 1427 656 tamen
1451 616 1596 658 solent

184 681 275 722 TT.
314 682 428 722 hanc
470 683 772 723 conditionem
816 683 1009 737 exigere,
1050 697 1193 737 neque
1235 685 1380 738 reipsa
1420 691 1487 726 est
1519 700 1596 726 cur

183 750 419 803 exigatur;
444 750 552 791 nihil
568 752 684 792 enim
709 751 841 792 refert
863 758 1012 793 utrum
1035 752 1100 793 vis
1133 753 1364 805 proveniat
1401 768 1427 794 a
1461 767 1596 795 causa

181 818 327 867 libera,
364 834 419 860 an
458 834 483 860 a
512 833 656 870 causa,
690 827 739 861 ut
780 821 917 870 aiunt,
961 822 1168 872 naturali,
1200 836 1315 876 quae
1347 824 1594 865 necessario

177 896 294 942 agat.

244 970 337 1011 347.
372 960 420 1001 Si
443 960 540 1013 quis
563 966 760 1014 quaerat,
782 967 831 1001 ut
853 961 970 1002 adsit
994 965 1039 1013 3²²
1059 961 1258 1002 conditio
1290 975 1423 1015 supra
1445 976 1592 1004 recen-

179 1027 276 1076 sita,
303 1035 523 1082 quatenus
560 1030 807 1083 requiratur
836 1035 884 1070 ut
906 1029 979 1070 ille
1000 1030 1075 1083 qui
1106 1030 1195 1071 vim
1219 1031 1415 1083 patiatur
1446 1032 1592 1072 eidem

175 1103 346 1138 externe
377 1112 453 1138 seu
475 1098 641 1139 viribus
674 1099 868 1153 corporis
906 1099 1093 1149 resistat,
1128 1100 1488 1152 respondendum
1526 1107 1593 1142 est

181 1169 234 1214 10,
277 1166 321 1206 id
365 1167 525 1220 requiri
568 1168 744 1220 quoties
785 1168 850 1207 vis
897 1167 1116 1220 ejusmodi
1168 1174 1235 1208 est
1278 1174 1327 1209 ut
1378 1170 1489 1222 quis,
1529 1170 1591 1211 ita

174 1236 436 1283 resistendo,
459 1236 599 1290 possit
637 1250 734 1276 earn
770 1250 1068 1290 exsuperare;
1101 1250 1204 1277 nam
1229 1237 1263 1277 si
1286 1237 1330 1277 in
1360 1237 1413 1277 iis
1446 1252 1589 1279 rerum

174 1304 399 1356 adjunctis
437 1305 638 1346 resistere
672 1306 1011 1358 praetermittat,
1034 1312 1102 1346 est
1138 1306 1315 1359 signum
1348 1307 1591 1348 voluntatis

174 1374 458 1428 aliquatenus
492 1376 811 1416 consentientis
843 1376 886 1415 in
913 1390 964 1416 ea
986 1390 1101 1429 quae
1123 1377 1185 1417 sic
1207 1376 1319 1418 fiunt
1340 1392 1349 1429 ;
1382 1392 1449 1419 res
1472 1378 1593 1420 illus-

173 1444 277 1483 trari
304 1450 451 1497 potest
474 1444 695 1498 exemplis
733 1445 952 1498 prioribus
975 1459 1017 1486 n.
1044 1456 1138 1497 344.
1167 1445 1322 1486 allatis.
1401 1446 1590 1490 Constat

173 1516 227 1562 2⁰,
260 1512 368 1553 illud
408 1520 538 1554 extra
571 1513 688 1555 hunc
722 1527 874 1554 casum
914 1528 1001 1554 non
1041 1514 1200 1567 requiri
1228 1521 1312 1566 per
1329 1529 1407 1564 se‚·
1444 1530 1587 1569 neque

171 1583 289 1623 enim
310 1583 516 1624 voluntas
539 1584 707 1624 censeri
730 1583 864 1624 debet
887 1584 1138 1624 consentire
1161 1598 1213 1624 eo
1235 1585 1332 1637 ipso
1355 1587 1475 1638 quod
1498 1601 1586 1628 non

173 1652 361 1704 imperet
404 1652 613 1692 membris
648 1653 843 1706 corporis
881 1654 1094 1702 resistere,
1138 1667 1276 1706 quum
1312 1653 1355 1694 id
1404 1656 1586 1696 omnino

173 1719 334 1761 frustra
357 1720 494 1761 fieret.
556 1720 622 1761 At
660 1735 764 1761 vero
801 1724 844 1772 3⁰
861 1726 1036 1762 constat
1069 1721 1114 1760 id
1149 1720 1391 1774 aliquando
1426 1725 1585 1777 requiri

161 1798 244 1841 per
276 1790 477 1838 accidens,
514 1790 577 1844 (a)
615 1796 834 1844 quantum
873 1804 1053 1831 necesse
1087 1796 1153 1830 est
1194 1791 1251 1831 ad
1293 1792 1584 1833 avertendum

168 1858 415 1910 periculum
468 1858 678 1908 scandali,
719 1858 787 1899 vel
830 1859 1036 1911 injuriam
1074 1858 1353 1911 Religionis3
1398 1860 1460 1900 sic
1501 1874 1585 1914 v.g.

172 1934 402 1981 martyres,
424 1940 561 1979 quum
584 1927 638 1967 ad
664 1927 892 1967 incensum
915 1927 1044 1967 idolis
1076 1926 1352 1968 offerendum
1376 1942 1584 1982 cogeren-

170 2004 252 2046 tur,
297 1997 567 2037 tenebantur
610 2002 793 2037 eatenus
836 1997 1039 2037 resistere
1075 2002 1296 2049 quatenus
1340 2011 1452 2051 opus
1491 2005 1583 2039 erat

172 2065 228 2104 ad
262 2062 588 2104 ostendendum
630 2077 676 2103 se
718 2063 900 2103 omnino
933 2063 1094 2104 invitos
1127 2063 1234 2104 talia
1266 2077 1422 2116 passos
1461 2079 1583 2109 esse:

171 2139 306 2185 atque
339 2133 518 2185 insuper
548 2139 634 2184 per
661 2131 853 2172 accidens
884 2132 1044 2185 requiri
1080 2137 1229 2185 potest
1264 2131 1324 2186 (b)
1363 2139 1580 2186 quantum

171 2215 349 2242 necesse
401 2206 467 2241 est
520 2201 576 2241 ad
634 2201 992 2253 praecavendum
1044 2200 1287 2254 periculum
1339 2201 1581 2242 voluntatis

170 2271 351 2311 demum
395 2268 710 2309 consentientis
755 2269 798 2308 in
842 2282 893 2309 ea
935 2282 1062 2322 quae,
1104 2269 1145 2309 vi
1197 2275 1396 2322 cogente,
1440 2268 1579 2320 fiunt;

170 2353 256 2391 qua
280 2338 449 2378 ratione
481 2338 594 2378 inter
626 2343 794 2378 ceteras
823 2337 967 2377 innixi
1005 2337 1099 2378 TT.
1132 2343 1335 2378 statuunt
1369 2337 1579 2378 feminam

313 2559 321 2580 ¹
341 2560 469 2599 Alasia,
497 2560 550 2592 Tr.
572 2560 610 2591 de
625 2560 698 2591 Act.
718 2561 905 2599 Humanis,
925 2560 1023 2602 Disp.
1046 2568 1072 2592 1.
1092 2571 1164 2603 cap.
1181 2561 1228 2592 iii.
1246 2566 1297 2592 art
1317 2570 1344 2592 1.
1363 2572 1394 2591 n.
1414 2570 1436 2593 Ι.
