1716 2729
70 98 109 124 n.
135 81 193 139 7.]
497 82 548 122 de
566 80 746 121 Actibus
765 78 1003 120 Humanis.
1407 85 1465 128 47

73 212 255 240 morum.
290 198 463 238 Deinde
477 195 831 248 investigandum
849 194 931 233 erit
948 198 1164 246 quatenus
1187 193 1462 232 conditiones

72 280 150 307 eae
185 279 337 307 omnes
373 263 536 318 apponi
568 263 788 311 debeant3
821 261 889 301 cui
924 261 1104 313 quidem
1138 259 1383 312 quaestioni
1415 265 1463 299 ut

73 334 200 387 plene
241 332 437 381 satisfiat,
478 330 759 384 inspiciemus
792 335 1010 382 quatenus
1046 327 1137 367 TT.
1176 326 1345 366 soleant
1391 341 1464 367 eas

73 401 215 454 reipsa
235 401 424 453 exigere,
448 412 596 452 quum,
626 397 883 451 praesertim
916 396 959 435 in
990 394 1172 436 caeteris
1195 393 1464 447 Theologiae

74 469 256 510 Moralis
276 467 548 516 tractatibus,
573 465 853 519 quaestiones
886 476 1057 504 morum
1088 476 1172 515 ope
1194 460 1324 513 hujus
1348 461 1463 513 prin-

69 537 173 590 cipii
224 535 455 576 resolvunt.
537 533 710 588 Quibus
761 532 965 573 omnibus
1016 529 1242 584 perpensis
1293 529 1464 582 patebit

72 604 295 658 quomodo
328 602 592 655 principium
625 602 767 655 reipsa
803 601 964 641 debeat
994 599 1064 639 hic
1105 596 1288 652 proferri
1331 602 1464 648 atque

74 672 268 725 intelligi.

135 750 224 780 122.
259 739 332 781 Sic
353 739 486 793 igitur
506 739 650 780 solent
680 737 777 778 TT.
801 737 884 777 hoc
905 734 1168 789 principium
1191 732 1383 787 proferre
1401 745 1469 772 :—

74 807 199 848 Licet
220 821 381 860 ponere
402 821 581 847 causam
602 820 660 846 ex
692 818 780 858 qua
811 805 899 845 duo
936 801 1248 857 praevidentur
1287 799 1468 840 effectus

73 875 274 925 secuturi,
296 888 482 929 quorum
505 875 614 916 alter
635 873 779 913 bonus
801 877 879 921 est,
902 870 1012 911 alter
1042 882 1145 909 vero
1167 868 1321 917 malus,
1342 867 1467 907 dum-

73 943 206 983 modo
234 945 273 983 1⁰
293 943 389 996 ipsa
410 957 543 984 causa
565 941 621 982 sit
643 941 686 981 in
709 954 754 981 se
770 940 899 989 bona,
912 944 988 979 aut
1005 938 1161 977 saltem
1185 936 1438 976 indifferens
1458 949 1468 986 ;

73 1014 117 1052 2⁰
136 1013 193 1053 sit
214 1012 324 1052 ratio
346 1011 507 1065 agendi
539 1008 872 1064 proportionate
895 1006 1038 1060 gravis
1059 1020 1067 1056 ;
1105 1006 1147 1057 3⁰
1168 1005 1257 1044 duo
1289 1004 1469 1044 effectus

73 1094 212 1134 aeque
232 1080 490 1120 immediate
511 1092 569 1119 ex
593 1091 725 1119 causa
746 1075 978 1130 profluant,
1001 1080 1077 1114 aut
1108 1073 1265 1113 saltem
1299 1085 1386 1111 non
1410 1072 1471 1111 ita

75 1148 294 1203 profluant
315 1154 363 1188 ut
384 1149 527 1189 bonus
563 1145 745 1186 effectus
780 1144 1033 1184 obtineatur
1064 1141 1290 1181 mediante
1311 1139 1470 1179 effectu

76 1216 194 1256 malo
213 1229 222 1266 ;
255 1217 301 1266 4⁰
321 1215 510 1267 denique
547 1214 664 1253 bona
706 1212 761 1252 sit
802 1211 990 1251 intentio
1035 1209 1217 1262 agentis,
1257 1222 1309 1248 eo
1340 1220 1470 1248 sensu

76 1284 200 1337 quod
222 1296 357 1336 agens
378 1282 504 1322 unice
526 1281 730 1321 intendat
751 1279 955 1319 effectum
971 1278 1150 1327 bonum,
1168 1278 1354 1330 ideoque
1371 1289 1474 1328 erga

80 1351 244 1392 malum
268 1350 472 1391 effectum
490 1347 742 1401 permissive
761 1353 935 1387 tanturn
958 1359 1004 1385 se
1025 1346 1198 1387 habeat.
1247 1345 1329 1393 Ita,
1353 1345 1472 1397 quod

81 1419 139 1459 ad
177 1432 268 1459 rem
309 1418 479 1466 attinet,
516 1416 779 1469 principium
821 1414 1053 1454 enuntiant
1086 1427 1170 1466 vg.
1210 1411 1408 1452 Billuart:1
1431 1417 1474 1451 et

80 1486 234 1539 Gury.²

145 1566 234 1606 123.
268 1553 369 1607 Quo
410 1553 582 1606 plenius
627 1551 914 1605 perspiciatur
959 1564 1112 1591 sensus
1163 1548 1362 1602 principii
1413 1548 1475 1588 sic

78 1624 244 1674 traditi,
266 1622 385 1663 haud
408 1621 560 1662 inutile
582 1621 664 1660 erit
686 1632 910 1660 recensere
933 1619 1213 1671 quaestiones
1242 1617 1474 1670 quasdam,

81 1693 126 1733 in
149 1692 320 1745 quibus,
341 1696 385 1731 et
407 1690 450 1730 in
474 1689 568 1730 aliis
591 1687 789 1740 ejusdem
812 1687 995 1739 generiS,
1018 1685 1298 1733 resolvendis,
1321 1683 1477 1737 princi-

83 1760 205 1814 pium
228 1760 284 1800 de
306 1772 394 1812 quo
416 1758 561 1810 agitur
583 1756 885 1797 adhibendum
908 1761 987 1797 est.

148 1839 241 1878 124.
276 1827 377 1867 Huc
418 1825 549 1878 igitur
589 1837 673 1877 vg.
719 1822 970 1863 revocanda
1021 1827 1088 1862 est
1128 1820 1328 1874 quaestio
1370 1830 1475 1858 num

86 1896 272 1949 principi
295 1894 424 1934 liceat
444 1892 611 1934 bellum
634 1891 741 1931 inire
779 1892 850 1944 (en
871 1903 999 1930 cansa
1020 1889 1143 1942 ipsa),
1180 1889 1237 1928 ad
1274 1886 1478 1940 injuriam

87 1963 351 2017 reipublicae
373 1960 720 2015 propulsandam
740 1961 810 2010 (en
826 1958 957 1998 bonus
976 1958 1171 2010 effectus),
1187 1956 1305 2009 quod
1327 1961 1477 1995 tamen

87 2031 341 2085 praevideat
374 2043 462 2070 non
494 2042 623 2082 posse
656 2028 747 2081 geri
784 2027 876 2067 sine
910 2026 1078 2079 ingenti
1114 2024 1304 2065 militum
1331 2022 1479 2068 caede,

88 2105 221 2152 atque
273 2098 399 2138 malis
449 2095 785 2150 quamplurimis
826 2095 899 2148 (en
950 2094 1115 2147 effictus
1164 2092 1321 2145 malus)
1368 2104 1481 2145 quae

87 2167 254 2207 bellum
277 2179 428 2218 parere
449 2165 620 2205 soleat?
683 2163 811 2213 Item,
834 2177 940 2203 num
972 2164 1101 2203 liceat
1122 2162 1311 2215 cauponi
1330 2162 1480 2200 vinum

89 2234 337 2288 hospitibus
372 2234 580 2288 praebere
615 2233 778 2284 (causa)
803 2239 982 2286 propter
1018 2237 1277 2272 consuetum
1314 2229 1481 2269 lucrum

89 2304 194 2344 inde
214 2303 545 2355 percipiendum
568 2307 701 2355 atque
723 2314 778 2341 ne
809 2300 1006 2353 hospites
1038 2299 1247 2352 popinam
1280 2298 1483 2338 deserant

92 2370 295 2424 (effectus
317 2369 475 2421 bonus),
498 2383 608 2422 quos
639 2375 789 2409 tamen
821 2367 1090 2421 praevideat,
1121 2367 1155 2406 si
1177 2367 1327 2405 vinum
1359 2377 1482 2416 prae-

332 2498 340 2518 ¹
362 2501 468 2532 Tract.
488 2500 525 2532 de
541 2500 627 2541 Jure
644 2504 673 2562 εξ
689 2500 850 2573 gusti-tia,
870 2499 961 2530 Diss.
984 2507 1032 2529 10.
1052 2505 1114 2529 art.
1131 2508 1164 2528 v.
1185 2496 1198 2537 ᾧ
1220 2504 1247 2526 1.

717 2548 778 2574 art.
794 2553 818 2574 1.
834 2553 868 2573 n.
886 2551 917 2582 9.
