<?xml version="1.0" encoding="UTF-8"?>
<!DOCTYPE html PUBLIC "-//W3C//DTD XHTML 1.0 Transitional//EN"
    "http://www.w3.org/TR/xhtml1/DTD/xhtml1-transitional.dtd">
<html xmlns="http://www.w3.org/1999/xhtml" xml:lang="en" lang="en">
 <head>
  <title>
</title>
<meta http-equiv="Content-Type" content="text/html;charset=utf-8" />
  <meta name='ocr-system' content='tesseract 3.04.00' />
  <meta name='ocr-capabilities' content='ocr_page ocr_carea ocr_par ocr_line ocrx_word'/>
</head>
<body>
  <div class='ocr_page' id='page_1' title='image "./tractatusdeactib00wals_0154.png"; bbox 0 0 1716 2729; ppageno 0'>
   <div class='ocr_carea' id='block_1_1' title="bbox 169 102 1574 159">
    <p class='ocr_par' dir='ltr' id='par_1_1' title="bbox 169 102 1574 159">
     <span class='ocr_line' id='line_1_1' title="bbox 169 102 1574 159; baseline 0.001 -16"><span class='ocrx_word' id='word_1_1' title='bbox 169 119 186 148; x_wconf 90' lang='lat'>1</span> <span class='ocrx_word' id='word_1_2' title='bbox 196 108 249 159; x_wconf 84' lang='lat'><strong>38</strong></span> <span class='ocrx_word' id='word_1_3' title='bbox 734 102 774 142; x_wconf 80' lang='lat' dir='ltr'><em>T</em></span> <span class='ocrx_word' id='word_1_4' title='bbox 770 108 964 144; x_wconf 73' lang='lat' dir='ltr'><strong>metatus</strong></span> <span class='ocrx_word' id='word_1_5' title='bbox 1399 102 1574 154; x_wconf 84' lang='lat' dir='ltr'>[GURY,</span> 
     </span>
    </p>
   </div>
   <div class='ocr_carea' id='block_1_2' title="bbox 165 218 1600 2407">
    <p class='ocr_par' dir='ltr' id='par_1_2' title="bbox 165 218 1590 1021">
     <span class='ocr_line' id='line_1_2' title="bbox 230 218 1578 275; baseline -0.001 -12"><span class='ocrx_word' id='word_1_6' title='bbox 230 221 322 275; x_wconf 84' lang='lat'><strong>364</strong></span> <span class='ocrx_word' id='word_1_7' title='bbox 357 225 379 242; x_wconf 89' lang='lat'><em>“</em></span> <span class='ocrx_word' id='word_1_8' title='bbox 400 218 764 268; x_wconf 80' lang='lat' dir='ltr'><strong>Constituirnus‚&#39;⁷</strong></span> <span class='ocrx_word' id='word_1_9' title='bbox 799 219 874 267; x_wconf 89' lang='lat' dir='ltr'><strong>ait,</strong></span> <span class='ocrx_word' id='word_1_10' title='bbox 908 219 1159 260; x_wconf 78' lang='lat' dir='ltr'>“moralem</span> <span class='ocrx_word' id='word_1_11' title='bbox 1182 220 1477 261; x_wconf 87' lang='lat' dir='ltr'><strong>humanorum</strong></span> <span class='ocrx_word' id='word_1_12' title='bbox 1509 234 1578 261; x_wconf 92' lang='lat' dir='ltr'><strong>ac-</strong></span> 
     </span>
     <span class='ocr_line' id='line_1_3' title="bbox 169 287 1580 332; baseline -0.003 0"><span class='ocrx_word' id='word_1_13' title='bbox 169 298 297 332; x_wconf 85' lang='lat' dir='ltr'><strong>tuum</strong></span> <span class='ocrx_word' id='word_1_14' title='bbox 342 297 546 332; x_wconf 90' lang='lat' dir='ltr'><strong>naturam</strong></span> <span class='ocrx_word' id='word_1_15' title='bbox 609 323 616 331; x_wconf 90' lang='lat'><strong><em>.</em></strong></span> <span class='ocrx_word' id='word_1_16' title='bbox 678 322 686 329; x_wconf 92' lang='lat'><strong>.</strong></span> <span class='ocrx_word' id='word_1_17' title='bbox 753 301 840 328; x_wconf 92' lang='lat' dir='ltr'><strong>non</strong></span> <span class='ocrx_word' id='word_1_18' title='bbox 878 300 973 327; x_wconf 87' lang='lat' dir='ltr'><strong>esse</strong></span> <span class='ocrx_word' id='word_1_19' title='bbox 1008 288 1050 327; x_wconf 91' lang='lat' dir='ltr'><strong>in</strong></span> <span class='ocrx_word' id='word_1_20' title='bbox 1088 288 1182 328; x_wconf 90' lang='lat' dir='ltr'><strong>sola</strong></span> <span class='ocrx_word' id='word_1_21' title='bbox 1214 287 1418 329; x_wconf 88' lang='lat' dir='ltr'><strong>libertate</strong></span> <span class='ocrx_word' id='word_1_22' title='bbox 1447 287 1580 328; x_wconf 92' lang='lat' dir='ltr'><strong>collo-</strong></span> 
     </span>
     <span class='ocr_line' id='line_1_4' title="bbox 165 355 1580 409; baseline -0.004 -8"><span class='ocrx_word' id='word_1_23' title='bbox 165 360 366 402; x_wconf 88' lang='lat' dir='ltr'><strong>candam.</strong></span> <span class='ocrx_word' id='word_1_24' title='bbox 431 359 672 399; x_wconf 88' lang='lat' dir='ltr'><strong>Enimvero</strong></span> <span class='ocrx_word' id='word_1_25' title='bbox 698 355 760 409; x_wconf 77' lang='lat' dir='ltr'><strong>(a)</strong></span> <span class='ocrx_word' id='word_1_26' title='bbox 789 360 914 396; x_wconf 85' lang='lat' dir='ltr'><strong>actus</strong></span> <span class='ocrx_word' id='word_1_27' title='bbox 937 355 1182 408; x_wconf 89' lang='lat' dir='ltr'><strong>concipitur</strong></span> <span class='ocrx_word' id='word_1_28' title='bbox 1203 355 1324 405; x_wconf 88' lang='lat' dir='ltr'><strong>liber,</strong></span> <span class='ocrx_word' id='word_1_29' title='bbox 1339 362 1580 409; x_wconf 90' lang='lat' dir='ltr'><strong>antequam</strong></span> 
     </span>
     <span class='ocr_line' id='line_1_5' title="bbox 165 424 1581 477; baseline -0.004 -7"><span class='ocrx_word' id='word_1_30' title='bbox 165 430 222 470; x_wconf 87' lang='lat' dir='ltr'><strong>sit</strong></span> <span class='ocrx_word' id='word_1_31' title='bbox 245 428 423 469; x_wconf 90' lang='lat' dir='ltr'><strong>moralis</strong></span> <span class='ocrx_word' id='word_1_32' title='bbox 443 442 462 477; x_wconf 57' lang='lat'><strong>;&gt;</strong></span> <span class='ocrx_word' id='word_1_33' title='bbox 483 441 587 467; x_wconf 91' lang='lat' dir='ltr'><strong>nam</strong></span> <span class='ocrx_word' id='word_1_34' title='bbox 611 426 721 466; x_wconf 90' lang='lat' dir='ltr'><strong>liber</strong></span> <span class='ocrx_word' id='word_1_35' title='bbox 749 430 829 473; x_wconf 85' lang='lat' dir='ltr'><strong>est,</strong></span> <span class='ocrx_word' id='word_1_36' title='bbox 852 438 941 476; x_wconf 89' lang='lat' dir='ltr'><strong>qua</strong></span> <span class='ocrx_word' id='word_1_37' title='bbox 963 424 1101 464; x_wconf 89' lang='lat' dir='ltr'><strong>oritur</strong></span> <span class='ocrx_word' id='word_1_38' title='bbox 1123 438 1148 464; x_wconf 90' lang='lat' dir='ltr'><strong>a</strong></span> <span class='ocrx_word' id='word_1_39' title='bbox 1171 424 1307 466; x_wconf 88' lang='lat' dir='ltr'><strong>libera</strong></span> <span class='ocrx_word' id='word_1_40' title='bbox 1324 425 1581 472; x_wconf 79' lang='lat' dir='ltr'><strong>voluntate3</strong></span> 
     </span>
     <span class='ocr_line' id='line_1_6' title="bbox 166 493 1586 549; baseline -0.002 -11"><span class='ocrx_word' id='word_1_41' title='bbox 166 497 347 538; x_wconf 87' lang='lat' dir='ltr'><strong>moralis</strong></span> <span class='ocrx_word' id='word_1_42' title='bbox 389 510 505 547; x_wconf 80' lang='lat' dir='ltr'><strong>verO,</strong></span> <span class='ocrx_word' id='word_1_43' title='bbox 547 510 635 549; x_wconf 91' lang='lat' dir='ltr'><strong>qua</strong></span> <span class='ocrx_word' id='word_1_44' title='bbox 678 493 887 547; x_wconf 82' lang='lat' dir='ltr'><strong>procedit</strong></span> <span class='ocrx_word' id='word_1_45' title='bbox 929 507 1175 546; x_wconf 81' lang='lat' dir='ltr'><strong>congruens</strong></span> <span class='ocrx_word' id='word_1_46' title='bbox 1217 495 1286 535; x_wconf 88' lang='lat' dir='ltr'><strong>vel</strong></span> <span class='ocrx_word' id='word_1_47' title='bbox 1333 508 1586 549; x_wconf 79' lang='lat' dir='ltr'>repugnans</span> 
     </span>
     <span class='ocr_line' id='line_1_7' title="bbox 165 563 1585 620; baseline -0.003 -13"><span class='ocrx_word' id='word_1_48' title='bbox 165 567 379 620; x_wconf 89' lang='lat' dir='ltr'><strong>operandi</strong></span> <span class='ocrx_word' id='word_1_49' title='bbox 402 566 589 619; x_wconf 81' lang='lat' dir='ltr'><strong>regulae.</strong></span> <span class='ocrx_word' id='word_1_50' title='bbox 655 565 715 604; x_wconf 84' lang='lat' dir='ltr'><strong>Et</strong></span> <span class='ocrx_word' id='word_1_51' title='bbox 751 577 858 604; x_wconf 88' lang='lat' dir='ltr'><strong>sane</strong></span> <span class='ocrx_word' id='word_1_52' title='bbox 890 563 1112 617; x_wconf 81' lang='lat' dir='ltr'><strong>fingamus</strong></span> <span class='ocrx_word' id='word_1_53' title='bbox 1144 564 1310 604; x_wconf 88' lang='lat' dir='ltr'><strong>nullam</strong></span> <span class='ocrx_word' id='word_1_54' title='bbox 1339 578 1434 605; x_wconf 91' lang='lat' dir='ltr'><strong>esse</strong></span> <span class='ocrx_word' id='word_1_55' title='bbox 1463 578 1585 618; x_wconf 88' lang='lat' dir='ltr'><strong>prae—</strong></span> 
     </span>
     <span class='ocr_line' id='line_1_8' title="bbox 165 632 1586 686; baseline -0.003 -10"><span class='ocrx_word' id='word_1_56' title='bbox 165 636 370 676; x_wconf 88' lang='lat' dir='ltr'><strong>stitutam</strong></span> <span class='ocrx_word' id='word_1_57' title='bbox 410 635 609 686; x_wconf 69' lang='lat' dir='ltr'><strong>regulam</strong></span> <span class='ocrx_word' id='word_1_58' title='bbox 651 633 800 674; x_wconf 89' lang='lat' dir='ltr'><strong>liberis</strong></span> <span class='ocrx_word' id='word_1_59' title='bbox 839 632 1070 672; x_wconf 89' lang='lat' dir='ltr'><strong>hominum</strong></span> <span class='ocrx_word' id='word_1_60' title='bbox 1109 634 1369 683; x_wconf 79' lang='lat' dir='ltr'>actionibus,</span> <span class='ocrx_word' id='word_1_61' title='bbox 1392 634 1490 686; x_wconf 93' lang='lat' dir='ltr'><strong>quis</strong></span> <span class='ocrx_word' id='word_1_62' title='bbox 1512 647 1586 673; x_wconf 90' lang='lat' dir='ltr'><strong>eas</strong></span> 
     </span>
     <span class='ocr_line' id='line_1_9' title="bbox 167 701 1589 757; baseline -0.004 -11"><span class='ocrx_word' id='word_1_63' title='bbox 167 711 310 746; x_wconf 87' lang='lat' dir='ltr'><strong>rectas</strong></span> <span class='ocrx_word' id='word_1_64' title='bbox 333 710 409 744; x_wconf 89' lang='lat' dir='ltr'><strong>aut</strong></span> <span class='ocrx_word' id='word_1_65' title='bbox 431 717 589 757; x_wconf 86' lang='lat' dir='ltr'><strong>pravas</strong></span> <span class='ocrx_word' id='word_1_66' title='bbox 613 703 759 742; x_wconf 80' lang='lat' dir='ltr'><strong>dicere</strong></span> <span class='ocrx_word' id='word_1_67' title='bbox 783 701 948 741; x_wconf 77' lang='lat' dir='ltr'><strong>audeat</strong></span> <span class='ocrx_word' id='word_1_68' title='bbox 968 702 981 741; x_wconf 89' lang='lat'>?</span> <span class='ocrx_word' id='word_1_69' title='bbox 1014 702 1112 754; x_wconf 90' lang='lat' dir='ltr'><strong>quis</strong></span> <span class='ocrx_word' id='word_1_70' title='bbox 1133 701 1201 742; x_wconf 88' lang='lat' dir='ltr'><strong>vel</strong></span> <span class='ocrx_word' id='word_1_71' title='bbox 1226 703 1268 741; x_wconf 91' lang='lat' dir='ltr'><strong>in</strong></span> <span class='ocrx_word' id='word_1_72' title='bbox 1293 702 1423 742; x_wconf 89' lang='lat' dir='ltr'><strong>laude</strong></span> <span class='ocrx_word' id='word_1_73' title='bbox 1439 707 1589 755; x_wconf 91' lang='lat' dir='ltr'><strong>ponat,</strong></span> 
     </span>
     <span class='ocr_line' id='line_1_10' title="bbox 167 770 1585 827; baseline -0.003 -13"><span class='ocrx_word' id='word_1_74' title='bbox 167 774 235 815; x_wconf 90' lang='lat' dir='ltr'><strong>vel</strong></span> <span class='ocrx_word' id='word_1_75' title='bbox 271 774 428 827; x_wconf 87' lang='lat' dir='ltr'><strong>culpae</strong></span> <span class='ocrx_word' id='word_1_76' title='bbox 471 779 547 812; x_wconf 88' lang='lat' dir='ltr'><strong>aut</strong></span> <span class='ocrx_word' id='word_1_77' title='bbox 585 772 693 811; x_wconf 87' lang='lat' dir='ltr'><strong>vitio</strong></span> <span class='ocrx_word' id='word_1_78' title='bbox 735 770 912 810; x_wconf 83' lang='lat' dir='ltr'><strong>vertat?</strong></span> <span class='ocrx_word' id='word_1_79' title='bbox 977 771 1161 810; x_wconf 87' lang='lat' dir='ltr'><strong>Moralis</strong></span> <span class='ocrx_word' id='word_1_80' title='bbox 1199 771 1331 823; x_wconf 81' lang='lat' dir='ltr'><strong>igitur</strong></span> <span class='ocrx_word' id='word_1_81' title='bbox 1360 772 1585 812; x_wconf 92' lang='lat' dir='ltr'><strong>actionum</strong></span> 
     </span>
     <span class='ocr_line' id='line_1_11' title="bbox 168 838 1588 889; baseline -0.003 -7"><span class='ocrx_word' id='word_1_82' title='bbox 168 843 465 883; x_wconf 88' lang='lat' dir='ltr'><strong>humanarum</strong></span> <span class='ocrx_word' id='word_1_83' title='bbox 501 846 659 880; x_wconf 89' lang='lat' dir='ltr'><strong>natura</strong></span> <span class='ocrx_word' id='word_1_84' title='bbox 692 839 778 878; x_wconf 91' lang='lat' dir='ltr'><strong>sita</strong></span> <span class='ocrx_word' id='word_1_85' title='bbox 816 851 902 877; x_wconf 87' lang='lat' dir='ltr'><strong>non</strong></span> <span class='ocrx_word' id='word_1_86' title='bbox 934 845 1000 878; x_wconf 91' lang='lat' dir='ltr'><strong>est</strong></span> <span class='ocrx_word' id='word_1_87' title='bbox 1031 839 1073 878; x_wconf 87' lang='lat' dir='ltr'><strong>in</strong></span> <span class='ocrx_word' id='word_1_88' title='bbox 1097 853 1248 879; x_wconf 86' lang='lat' dir='ltr'><strong>earum</strong></span> <span class='ocrx_word' id='word_1_89' title='bbox 1272 839 1488 889; x_wconf 89' lang='lat' dir='ltr'><strong>libertate,</strong></span> <span class='ocrx_word' id='word_1_90' title='bbox 1509 838 1588 879; x_wconf 88' lang='lat' dir='ltr'><strong>sed</strong></span> 
     </span>
     <span class='ocr_line' id='line_1_12' title="bbox 170 906 1590 961; baseline -0.004 -9"><span class='ocrx_word' id='word_1_91' title='bbox 170 913 214 951; x_wconf 90' lang='lat' dir='ltr'><strong>in</strong></span> <span class='ocrx_word' id='word_1_92' title='bbox 237 925 290 952; x_wconf 94' lang='lat' dir='ltr'><strong>eo</strong></span> <span class='ocrx_word' id='word_1_93' title='bbox 314 911 541 951; x_wconf 79' lang='lat' dir='ltr'><strong>duntaxat</strong></span> <span class='ocrx_word' id='word_1_94' title='bbox 565 909 684 961; x_wconf 93' lang='lat' dir='ltr'><strong>quod</strong></span> <span class='ocrx_word' id='word_1_95' title='bbox 708 921 808 948; x_wconf 90' lang='lat' dir='ltr'><strong>cum</strong></span> <span class='ocrx_word' id='word_1_96' title='bbox 833 906 984 959; x_wconf 78' lang='lat' dir='ltr'><strong>regula</strong></span> <span class='ocrx_word' id='word_1_97' title='bbox 1005 921 1085 947; x_wconf 88' lang='lat' dir='ltr'><strong>sua</strong></span> <span class='ocrx_word' id='word_1_98' title='bbox 1108 908 1347 949; x_wconf 81' lang='lat' dir='ltr'><strong>cohaerent</strong></span> <span class='ocrx_word' id='word_1_99' title='bbox 1368 908 1437 949; x_wconf 80' lang='lat' dir='ltr'><strong>vel</strong></span> <span class='ocrx_word' id='word_1_100' title='bbox 1460 908 1516 948; x_wconf 91' lang='lat' dir='ltr'><strong>ab</strong></span> <span class='ocrx_word' id='word_1_101' title='bbox 1538 921 1590 947; x_wconf 86' lang='lat' dir='ltr'><strong>ea</strong></span> 
     </span>
     <span class='ocr_line' id='line_1_13' title="bbox 168 979 422 1021; baseline -0.008 0"><span class='ocrx_word' id='word_1_102' title='bbox 168 979 422 1021; x_wconf 86' lang='lat' dir='ltr'><strong>deflectunt.</strong></span> 
     </span>
    </p>

    <p class='ocr_par' dir='ltr' id='par_1_3' title="bbox 171 1045 1593 1652">
     <span class='ocr_line' id='line_1_14' title="bbox 230 1045 1590 1101; baseline -0.004 -11"><span class='ocrx_word' id='word_1_103' title='bbox 230 1050 325 1101; x_wconf 84' lang='lat'><strong>365.</strong></span> <span class='ocrx_word' id='word_1_104' title='bbox 357 1051 380 1068; x_wconf 78' lang='lat'><strong>‘⁶</strong></span> <span class='ocrx_word' id='word_1_105' title='bbox 399 1048 643 1093; x_wconf 86' lang='lat' dir='ltr'><strong>Praeterea,</strong></span> <span class='ocrx_word' id='word_1_106' title='bbox 669 1045 725 1097; x_wconf 79' lang='lat' dir='ltr'><strong>(b)</strong></span> <span class='ocrx_word' id='word_1_107' title='bbox 763 1045 920 1085; x_wconf 89' lang='lat' dir='ltr'><strong>eadem</strong></span> <span class='ocrx_word' id='word_1_108' title='bbox 956 1052 1164 1085; x_wconf 87' lang='lat' dir='ltr'><strong>manente</strong></span> <span class='ocrx_word' id='word_1_109' title='bbox 1197 1046 1417 1096; x_wconf 88' lang='lat' dir='ltr'><strong>libertate,</strong></span> <span class='ocrx_word' id='word_1_110' title='bbox 1441 1050 1590 1099; x_wconf 88' lang='lat' dir='ltr'><strong>potest</strong></span> 
     </span>
     <span class='ocr_line' id='line_1_15' title="bbox 171 1113 1591 1171; baseline -0.004 -13"><span class='ocrx_word' id='word_1_111' title='bbox 171 1117 456 1171; x_wconf 89' lang='lat' dir='ltr'><strong>multiplicari</strong></span> <span class='ocrx_word' id='word_1_112' title='bbox 495 1130 546 1156; x_wconf 92' lang='lat' dir='ltr'><strong>ac</strong></span> <span class='ocrx_word' id='word_1_113' title='bbox 583 1115 740 1155; x_wconf 88' lang='lat' dir='ltr'><strong>variari</strong></span> <span class='ocrx_word' id='word_1_114' title='bbox 785 1113 1012 1154; x_wconf 80' lang='lat' dir='ltr'><strong>moralitas</strong></span> <span class='ocrx_word' id='word_1_115' title='bbox 1051 1114 1093 1154; x_wconf 89' lang='lat' dir='ltr'><strong>in</strong></span> <span class='ocrx_word' id='word_1_116' title='bbox 1131 1115 1291 1154; x_wconf 89' lang='lat' dir='ltr'><strong>eodem</strong></span> <span class='ocrx_word' id='word_1_117' title='bbox 1324 1121 1452 1156; x_wconf 89' lang='lat' dir='ltr'><strong>actu:</strong></span> <span class='ocrx_word' id='word_1_118' title='bbox 1484 1127 1591 1167; x_wconf 81' lang='lat' dir='ltr'><strong>ergo</strong></span> 
     </span>
     <span class='ocr_line' id='line_1_16' title="bbox 173 1181 1592 1229; baseline -0.004 -3"><span class='ocrx_word' id='word_1_119' title='bbox 173 1186 400 1228; x_wconf 89' lang='lat' dir='ltr'><strong>moralitas</strong></span> <span class='ocrx_word' id='word_1_120' title='bbox 424 1199 513 1226; x_wconf 91' lang='lat' dir='ltr'><strong>non</strong></span> <span class='ocrx_word' id='word_1_121' title='bbox 536 1184 739 1225; x_wconf 79' lang='lat' dir='ltr'><strong>consistit</strong></span> <span class='ocrx_word' id='word_1_122' title='bbox 764 1184 807 1222; x_wconf 91' lang='lat' dir='ltr'><strong>in</strong></span> <span class='ocrx_word' id='word_1_123' title='bbox 831 1182 1047 1223; x_wconf 90' lang='lat' dir='ltr'><strong>libertate.</strong></span> <span class='ocrx_word' id='word_1_124' title='bbox 1099 1183 1173 1225; x_wconf 83' lang='lat' dir='ltr'><strong>Sic</strong></span> <span class='ocrx_word' id='word_1_125' title='bbox 1196 1185 1238 1223; x_wconf 91' lang='lat' dir='ltr'><strong>in</strong></span> <span class='ocrx_word' id='word_1_126' title='bbox 1257 1191 1357 1225; x_wconf 91' lang='lat' dir='ltr'><strong>actu</strong></span> <span class='ocrx_word' id='word_1_127' title='bbox 1375 1181 1592 1229; x_wconf 85' lang='lat' dir='ltr'><strong>adulterii,</strong></span> 
     </span>
     <span class='ocr_line' id='line_1_17' title="bbox 171 1252 1592 1308; baseline -0.002 -13"><span class='ocrx_word' id='word_1_128' title='bbox 171 1255 240 1295; x_wconf 87' lang='lat' dir='ltr'><strong>vel</strong></span> <span class='ocrx_word' id='word_1_129' title='bbox 265 1255 367 1296; x_wconf 88' lang='lat' dir='ltr'><strong>furti</strong></span> <span class='ocrx_word' id='word_1_130' title='bbox 391 1254 554 1308; x_wconf 89' lang='lat' dir='ltr'><strong>patrati</strong></span> <span class='ocrx_word' id='word_1_131' title='bbox 589 1253 645 1293; x_wconf 91' lang='lat' dir='ltr'><strong>ad</strong></span> <span class='ocrx_word' id='word_1_132' title='bbox 682 1253 1024 1299; x_wconf 77' lang='lat' dir='ltr'><strong>moechandum,</strong></span> <span class='ocrx_word' id='word_1_133' title='bbox 1047 1253 1217 1306; x_wconf 81' lang='lat' dir='ltr'><strong>duplex</strong></span> <span class='ocrx_word' id='word_1_134' title='bbox 1250 1260 1317 1293; x_wconf 87' lang='lat' dir='ltr'><strong>est</strong></span> <span class='ocrx_word' id='word_1_135' title='bbox 1350 1252 1592 1301; x_wconf 88' lang='lat' dir='ltr'><strong>moralitas,</strong></span> 
     </span>
     <span class='ocr_line' id='line_1_18' title="bbox 173 1319 1593 1377; baseline -0.002 -14"><span class='ocrx_word' id='word_1_136' title='bbox 173 1337 336 1377; x_wconf 90' lang='lat' dir='ltr'><strong>nempe</strong></span> <span class='ocrx_word' id='word_1_137' title='bbox 359 1323 578 1376; x_wconf 90' lang='lat' dir='ltr'><strong>injustitia</strong></span> <span class='ocrx_word' id='word_1_138' title='bbox 600 1327 644 1361; x_wconf 94' lang='lat' dir='ltr'><strong>et</strong></span> <span class='ocrx_word' id='word_1_139' title='bbox 668 1319 871 1370; x_wconf 76' lang='lat' dir='ltr'><strong>luxuria,l</strong></span> <span class='ocrx_word' id='word_1_140' title='bbox 896 1329 939 1361; x_wconf 91' lang='lat' dir='ltr'><strong>et</strong></span> <span class='ocrx_word' id='word_1_141' title='bbox 961 1328 1112 1361; x_wconf 86' lang='lat' dir='ltr'><strong>tamen</strong></span> <span class='ocrx_word' id='word_1_142' title='bbox 1137 1336 1225 1361; x_wconf 89' lang='lat' dir='ltr'><strong>una</strong></span> <span class='ocrx_word' id='word_1_143' title='bbox 1248 1321 1495 1374; x_wconf 88' lang='lat' dir='ltr'><strong>eademque</strong></span> <span class='ocrx_word' id='word_1_144' title='bbox 1525 1326 1593 1361; x_wconf 87' lang='lat' dir='ltr'><strong>est</strong></span> 
     </span>
     <span class='ocr_line' id='line_1_19' title="bbox 172 1390 1592 1433; baseline -0.002 -1"><span class='ocrx_word' id='word_1_145' title='bbox 172 1392 444 1433; x_wconf 76' lang='lat' dir='ltr'><strong>invariabilis</strong></span> <span class='ocrx_word' id='word_1_146' title='bbox 468 1391 663 1431; x_wconf 87' lang='lat' dir='ltr'><strong>libertas.</strong></span> <span class='ocrx_word' id='word_1_147' title='bbox 727 1390 843 1430; x_wconf 92' lang='lat' dir='ltr'><strong>Item</strong></span> <span class='ocrx_word' id='word_1_148' title='bbox 870 1391 1067 1431; x_wconf 88' lang='lat' dir='ltr'><strong>variatur</strong></span> <span class='ocrx_word' id='word_1_149' title='bbox 1090 1391 1317 1431; x_wconf 91' lang='lat' dir='ltr'><strong>moralitas</strong></span> <span class='ocrx_word' id='word_1_150' title='bbox 1340 1392 1446 1431; x_wconf 91' lang='lat' dir='ltr'><strong>dum</strong></span> <span class='ocrx_word' id='word_1_151' title='bbox 1479 1403 1592 1430; x_wconf 89' lang='lat' dir='ltr'><strong>unus</strong></span> 
     </span>
     <span class='ocr_line' id='line_1_20' title="bbox 173 1459 1592 1515; baseline -0.004 -12"><span class='ocrx_word' id='word_1_152' title='bbox 173 1464 382 1515; x_wconf 87' lang='lat' dir='ltr'><strong>idemque</strong></span> <span class='ocrx_word' id='word_1_153' title='bbox 405 1467 531 1502; x_wconf 90' lang='lat' dir='ltr'><strong>actus</strong></span> <span class='ocrx_word' id='word_1_154' title='bbox 555 1459 705 1500; x_wconf 88' lang='lat' dir='ltr'><strong>evadit</strong></span> <span class='ocrx_word' id='word_1_155' title='bbox 727 1472 751 1498; x_wconf 97' lang='lat' dir='ltr'><strong>e</strong></span> <span class='ocrx_word' id='word_1_156' title='bbox 772 1459 894 1500; x_wconf 89' lang='lat' dir='ltr'><strong>bono</strong></span> <span class='ocrx_word' id='word_1_157' title='bbox 917 1460 1072 1509; x_wconf 79' lang='lat' dir='ltr'><strong>malus,</strong></span> <span class='ocrx_word' id='word_1_158' title='bbox 1094 1474 1175 1512; x_wconf 69' lang='lat' dir='ltr'><strong>vg.</strong></span> <span class='ocrx_word' id='word_1_159' title='bbox 1199 1461 1305 1500; x_wconf 91' lang='lat' dir='ltr'><strong>dum</strong></span> <span class='ocrx_word' id='word_1_160' title='bbox 1339 1459 1437 1512; x_wconf 91' lang='lat' dir='ltr'><strong>quis</strong></span> <span class='ocrx_word' id='word_1_161' title='bbox 1470 1471 1592 1497; x_wconf 89' lang='lat' dir='ltr'><strong>man-</strong></span> 
     </span>
     <span class='ocr_line' id='line_1_21' title="bbox 173 1528 1592 1581; baseline -0.004 -10"><span class='ocrx_word' id='word_1_162' title='bbox 173 1532 306 1572; x_wconf 89' lang='lat' dir='ltr'><strong>ducat</strong></span> <span class='ocrx_word' id='word_1_163' title='bbox 328 1543 481 1570; x_wconf 89' lang='lat' dir='ltr'><strong>carnes</strong></span> <span class='ocrx_word' id='word_1_164' title='bbox 499 1535 702 1581; x_wconf 89' lang='lat' dir='ltr'><strong>tempore</strong></span> <span class='ocrx_word' id='word_1_165' title='bbox 725 1528 955 1581; x_wconf 87' lang='lat' dir='ltr'><strong>permisso,</strong></span> <span class='ocrx_word' id='word_1_166' title='bbox 975 1529 1254 1581; x_wconf 88' lang='lat' dir='ltr'><strong>eandemque</strong></span> <span class='ocrx_word' id='word_1_167' title='bbox 1271 1529 1592 1569; x_wconf 90' lang='lat' dir='ltr'><strong>comestionem</strong></span> 
     </span>
     <span class='ocr_line' id='line_1_22' title="bbox 174 1596 1124 1652; baseline -0.003 -14"><span class='ocrx_word' id='word_1_168' title='bbox 174 1597 392 1652; x_wconf 89' lang='lat' dir='ltr'><strong>protrahit</strong></span> <span class='ocrx_word' id='word_1_169' title='bbox 409 1610 550 1649; x_wconf 90' lang='lat' dir='ltr'><strong>usque</strong></span> <span class='ocrx_word' id='word_1_170' title='bbox 574 1596 616 1635; x_wconf 91' lang='lat' dir='ltr'><strong>in</strong></span> <span class='ocrx_word' id='word_1_171' title='bbox 642 1601 821 1648; x_wconf 91' lang='lat' dir='ltr'><strong>tempus</strong></span> <span class='ocrx_word' id='word_1_172' title='bbox 841 1596 1124 1648; x_wconf 90' lang='lat' dir='ltr'><strong>prohibitum.</strong></span> 
     </span>
    </p>

    <p class='ocr_par' dir='ltr' id='par_1_4' title="bbox 174 1663 1599 2199">
     <span class='ocr_line' id='line_1_23' title="bbox 236 1663 1595 1718; baseline -0.001 -12"><span class='ocrx_word' id='word_1_173' title='bbox 236 1666 329 1718; x_wconf 83' lang='lat'><strong>366.</strong></span> <span class='ocrx_word' id='word_1_174' title='bbox 363 1665 561 1718; x_wconf 86' lang='lat' dir='ltr'><strong>“Neque</strong></span> <span class='ocrx_word' id='word_1_175' title='bbox 596 1663 765 1712; x_wconf 90' lang='lat' dir='ltr'><strong>refert,&#39;&#39;</strong></span> <span class='ocrx_word' id='word_1_176' title='bbox 801 1671 850 1704; x_wconf 91' lang='lat' dir='ltr'><strong>ut</strong></span> <span class='ocrx_word' id='word_1_177' title='bbox 886 1665 1004 1705; x_wconf 90' lang='lat' dir='ltr'><strong>idem</strong></span> <span class='ocrx_word' id='word_1_178' title='bbox 1044 1679 1134 1704; x_wconf 90' lang='lat' dir='ltr'><strong>rem</strong></span> <span class='ocrx_word' id='word_1_179' title='bbox 1173 1666 1466 1718; x_wconf 88' lang='lat' dir='ltr'><strong>prosequitur,</strong></span> <span class='ocrx_word' id='word_1_180' title='bbox 1497 1677 1595 1704; x_wconf 90' lang='lat' dir='ltr'><strong>sen-</strong></span> 
     </span>
     <span class='ocr_line' id='line_1_24' title="bbox 176 1733 1598 1786; baseline -0.001 -11"><span class='ocrx_word' id='word_1_181' title='bbox 176 1735 349 1775; x_wconf 90' lang='lat' dir='ltr'><strong>tentiae</strong></span> <span class='ocrx_word' id='word_1_182' title='bbox 387 1734 542 1786; x_wconf 89' lang='lat' dir='ltr'><strong>prioris</strong></span> <span class='ocrx_word' id='word_1_183' title='bbox 580 1739 896 1785; x_wconf 80' lang='lat' dir='ltr'><strong>argumentum</strong></span> <span class='ocrx_word' id='word_1_184' title='bbox 930 1734 1118 1783; x_wconf 83' lang='lat' dir='ltr'><strong>solvens,</strong></span> <span class='ocrx_word' id='word_1_185' title='bbox 1141 1737 1161 1753; x_wconf 90' lang='lat'><strong>“</strong></span> <span class='ocrx_word' id='word_1_186' title='bbox 1179 1734 1356 1774; x_wconf 88' lang='lat' dir='ltr'><strong>sublata</strong></span> <span class='ocrx_word' id='word_1_187' title='bbox 1381 1733 1598 1780; x_wconf 78' lang='lat' dir='ltr'><strong>libertate,</strong></span> 
     </span>
     <span class='ocr_line' id='line_1_25' title="bbox 174 1796 1596 1854; baseline -0.002 -9"><span class='ocrx_word' id='word_1_188' title='bbox 174 1811 379 1845; x_wconf 87' lang='lat' dir='ltr'><strong>naturam</strong></span> <span class='ocrx_word' id='word_1_189' title='bbox 423 1815 602 1854; x_wconf 89' lang='lat' dir='ltr'><strong>quoque</strong></span> <span class='ocrx_word' id='word_1_190' title='bbox 652 1801 866 1841; x_wconf 82' lang='lat' dir='ltr'><strong>moralem</strong></span> <span class='ocrx_word' id='word_1_191' title='bbox 912 1808 1036 1842; x_wconf 90' lang='lat' dir='ltr'><strong>actus</strong></span> <span class='ocrx_word' id='word_1_192' title='bbox 1080 1815 1103 1841; x_wconf 86' lang='lat' dir='ltr'><strong>e</strong></span> <span class='ocrx_word' id='word_1_193' title='bbox 1147 1803 1294 1842; x_wconf 90' lang='lat' dir='ltr'><strong>medio</strong></span> <span class='ocrx_word' id='word_1_194' title='bbox 1335 1796 1460 1851; x_wconf 86' lang='lat' dir='ltr'><strong>tolli;</strong></span> <span class='ocrx_word' id='word_1_195' title='bbox 1493 1815 1596 1842; x_wconf 89' lang='lat' dir='ltr'><strong>nam</strong></span> 
     </span>
     <span class='ocr_line' id='line_1_26' title="bbox 177 1870 1597 1923; baseline -0.002 -10"><span class='ocrx_word' id='word_1_196' title='bbox 177 1873 281 1913; x_wconf 92' lang='lat' dir='ltr'><strong>inde</strong></span> <span class='ocrx_word' id='word_1_197' title='bbox 323 1871 408 1911; x_wconf 92' lang='lat' dir='ltr'><strong>hoc</strong></span> <span class='ocrx_word' id='word_1_198' title='bbox 450 1877 626 1910; x_wconf 88' lang='lat' dir='ltr'><strong>tantum</strong></span> <span class='ocrx_word' id='word_1_199' title='bbox 671 1883 776 1909; x_wconf 91' lang='lat' dir='ltr'><strong>cons</strong></span> <span class='ocrx_word' id='word_1_200' title='bbox 787 1870 974 1923; x_wconf 89' lang='lat' dir='ltr'><strong>equitur,</strong></span> <span class='ocrx_word' id='word_1_201' title='bbox 1012 1871 1262 1911; x_wconf 85' lang='lat' dir='ltr'><strong>libertatem</strong></span> <span class='ocrx_word' id='word_1_202' title='bbox 1301 1885 1396 1912; x_wconf 91' lang='lat' dir='ltr'><strong>esse</strong></span> <span class='ocrx_word' id='word_1_203' title='bbox 1425 1870 1597 1923; x_wconf 78' lang='lat' dir='ltr'><strong>funda-</strong></span> 
     </span>
     <span class='ocr_line' id='line_1_27' title="bbox 179 1936 1597 1993; baseline -0.001 -12"><span class='ocrx_word' id='word_1_204' title='bbox 179 1946 372 1981; x_wconf 63' lang='lat' dir='ltr'><strong>mendum</strong></span> <span class='ocrx_word' id='word_1_205' title='bbox 430 1936 708 1986; x_wconf 79' lang='lat' dir='ltr'><strong>moralitatis,</strong></span> <span class='ocrx_word' id='word_1_206' title='bbox 759 1952 848 1990; x_wconf 90' lang='lat' dir='ltr'><strong>quo</strong></span> <span class='ocrx_word' id='word_1_207' title='bbox 900 1938 1077 1979; x_wconf 87' lang='lat' dir='ltr'><strong>sublato</strong></span> <span class='ocrx_word' id='word_1_208' title='bbox 1141 1939 1380 1980; x_wconf 89' lang='lat' dir='ltr'><strong>consistere</strong></span> <span class='ocrx_word' id='word_1_209' title='bbox 1442 1940 1597 1993; x_wconf 87' lang='lat' dir='ltr'><strong>nequit</strong></span> 
     </span>
     <span class='ocr_line' id='line_1_28' title="bbox 179 2010 1596 2065; baseline 0.003 -15"><span class='ocrx_word' id='word_1_210' title='bbox 179 2010 358 2051; x_wconf 88' lang='lat' dir='ltr'><strong>moralis</strong></span> <span class='ocrx_word' id='word_1_211' title='bbox 380 2015 560 2050; x_wconf 86' lang='lat' dir='ltr'><strong>actuum</strong></span> <span class='ocrx_word' id='word_1_212' title='bbox 584 2014 754 2057; x_wconf 84' lang='lat' dir='ltr'><strong>natura,</strong></span> <span class='ocrx_word' id='word_1_213' title='bbox 781 2022 919 2061; x_wconf 88' lang='lat' dir='ltr'><strong>quum</strong></span> <span class='ocrx_word' id='word_1_214' title='bbox 943 2018 1167 2062; x_wconf 86' lang='lat' dir='ltr'><strong>nequeant</strong></span> <span class='ocrx_word' id='word_1_215' title='bbox 1189 2012 1245 2052; x_wconf 88' lang='lat' dir='ltr'><strong>ad</strong></span> <span class='ocrx_word' id='word_1_216' title='bbox 1269 2012 1468 2065; x_wconf 81' lang='lat' dir='ltr'><strong>regulam</strong></span> <span class='ocrx_word' id='word_1_217' title='bbox 1501 2014 1596 2054; x_wconf 89' lang='lat' dir='ltr'><strong>sine</strong></span> 
     </span>
     <span class='ocr_line' id='line_1_29' title="bbox 179 2077 1599 2129; baseline 0.001 -11"><span class='ocrx_word' id='word_1_218' title='bbox 179 2079 380 2120; x_wconf 86' lang='lat' dir='ltr'><strong>libertate</strong></span> <span class='ocrx_word' id='word_1_219' title='bbox 423 2077 766 2124; x_wconf 89' lang='lat' dir='ltr'><strong>accommodari,</strong></span> <span class='ocrx_word' id='word_1_220' title='bbox 803 2078 1184 2129; x_wconf 85' lang='lat' dir='ltr'><strong>quemadmodum</strong></span> <span class='ocrx_word' id='word_1_221' title='bbox 1223 2081 1317 2121; x_wconf 90' lang='lat' dir='ltr'><strong>sine</strong></span> <span class='ocrx_word' id='word_1_222' title='bbox 1348 2081 1599 2122; x_wconf 87' lang='lat' dir='ltr'><strong>voluntario</strong></span> 
     </span>
     <span class='ocr_line' id='line_1_30' title="bbox 180 2145 807 2199; baseline -0.006 -11"><span class='ocrx_word' id='word_1_223' title='bbox 180 2155 385 2189; x_wconf 89' lang='lat' dir='ltr'><strong>constare</strong></span> <span class='ocrx_word' id='word_1_224' title='bbox 409 2147 561 2199; x_wconf 86' lang='lat' dir='ltr'><strong>nequit</strong></span> <span class='ocrx_word' id='word_1_225' title='bbox 584 2145 807 2185; x_wconf 87' lang='lat' dir='ltr'><strong>liberum.’&#39;</strong></span> 
     </span>
    </p>

    <p class='ocr_par' dir='ltr' id='par_1_5' title="bbox 181 2214 1600 2407">
     <span class='ocr_line' id='line_1_31' title="bbox 242 2214 1600 2271; baseline 0.003 -16"><span class='ocrx_word' id='word_1_226' title='bbox 242 2217 335 2267; x_wconf 84' lang='lat'>367.</span> <span class='ocrx_word' id='word_1_227' title='bbox 372 2214 604 2254; x_wconf 85' lang='lat' dir='ltr'><strong>Hactenus</strong></span> <span class='ocrx_word' id='word_1_228' title='bbox 623 2215 717 2255; x_wconf 86' lang='lat' dir='ltr'><strong>TT.</strong></span> <span class='ocrx_word' id='word_1_229' title='bbox 737 2216 826 2256; x_wconf 86' lang='lat' dir='ltr'><strong>fere</strong></span> <span class='ocrx_word' id='word_1_230' title='bbox 851 2229 1006 2256; x_wconf 85' lang='lat' dir='ltr'><strong>omnes</strong></span> <span class='ocrx_word' id='word_1_231' title='bbox 1029 2217 1312 2258; x_wconf 84' lang='lat' dir='ltr'><strong>consentiunt</strong></span> <span class='ocrx_word' id='word_1_232' title='bbox 1334 2232 1342 2267; x_wconf 90' lang='lat'><em>;</em></span> <span class='ocrx_word' id='word_1_233' title='bbox 1369 2218 1424 2258; x_wconf 92' lang='lat' dir='ltr'><strong>de</strong></span> <span class='ocrx_word' id='word_1_234' title='bbox 1442 2232 1600 2271; x_wconf 89' lang='lat' dir='ltr'><strong>quaes-</strong></span> 
     </span>
     <span class='ocr_line' id='line_1_32' title="bbox 181 2285 1599 2341; baseline 0.004 -17"><span class='ocrx_word' id='word_1_235' title='bbox 181 2285 302 2324; x_wconf 91' lang='lat' dir='ltr'><strong>tione</strong></span> <span class='ocrx_word' id='word_1_236' title='bbox 339 2297 456 2332; x_wconf 85' lang='lat' dir='ltr'><strong>vero,</strong></span> <span class='ocrx_word' id='word_1_237' title='bbox 480 2297 703 2335; x_wconf 87' lang='lat' dir='ltr'><strong>quaenam</strong></span> <span class='ocrx_word' id='word_1_238' title='bbox 742 2286 799 2325; x_wconf 88' lang='lat' dir='ltr'><strong>sit</strong></span> <span class='ocrx_word' id='word_1_239' title='bbox 837 2285 911 2326; x_wconf 92' lang='lat' dir='ltr'><strong>illa</strong></span> <span class='ocrx_word' id='word_1_240' title='bbox 950 2285 1212 2326; x_wconf 87' lang='lat' dir='ltr'><strong>moralitatis</strong></span> <span class='ocrx_word' id='word_1_241' title='bbox 1250 2287 1412 2340; x_wconf 82' lang='lat' dir='ltr'><strong>regula,</strong></span> <span class='ocrx_word' id='word_1_242' title='bbox 1435 2302 1599 2341; x_wconf 80' lang='lat' dir='ltr'><strong>magna</strong></span> 
     </span>
     <span class='ocr_line' id='line_1_33' title="bbox 183 2349 1598 2407; baseline 0.004 -15"><span class='ocrx_word' id='word_1_243' title='bbox 183 2360 249 2392; x_wconf 91' lang='lat' dir='ltr'><strong>est</strong></span> <span class='ocrx_word' id='word_1_244' title='bbox 273 2349 524 2393; x_wconf 80' lang='lat' dir='ltr'><strong>dissensio.2</strong></span> <span class='ocrx_word' id='word_1_245' title='bbox 573 2351 676 2404; x_wconf 73' lang='lat' dir='ltr'><strong>Quo</strong></span> <span class='ocrx_word' id='word_1_246' title='bbox 700 2353 870 2394; x_wconf 89' lang='lat' dir='ltr'><strong>facilius</strong></span> <span class='ocrx_word' id='word_1_247' title='bbox 895 2354 1200 2407; x_wconf 80' lang='lat' dir='ltr'><strong>intelligantur</strong></span> <span class='ocrx_word' id='word_1_248' title='bbox 1221 2357 1466 2396; x_wconf 83' lang='lat' dir='ltr'><strong>sententiae</strong></span> <span class='ocrx_word' id='word_1_249' title='bbox 1492 2371 1598 2397; x_wconf 86' lang='lat' dir='ltr'><strong>mox</strong></span> 
     </span>
    </p>
   </div>
   <div class='ocr_carea' id='block_1_3' title="bbox 199 2456 1200 2475">
    <p class='ocr_par' dir='ltr' id='par_1_6' title="bbox 199 2456 1200 2475">
     <span class='ocr_line' id='line_1_34' title="bbox 199 2456 1200 2475; baseline 0 0"><span class='ocrx_word' id='word_1_250' title='bbox 199 2456 1200 2475; x_wconf 95' lang='lat' dir='ltr'><strong> </strong></span> 
     </span>
    </p>
   </div>
   <div class='ocr_carea' id='block_1_4' title="bbox 357 2521 1415 2619">
    <p class='ocr_par' dir='ltr' id='par_1_7' title="bbox 357 2521 1415 2619">
     <span class='ocr_line' id='line_1_35' title="bbox 360 2521 739 2572; baseline 0.003 -10"><span class='ocrx_word' id='word_1_251' title='bbox 360 2532 459 2562; x_wconf 84' lang='lat' dir='ltr'><strong>¹Vid.</strong></span> <span class='ocrx_word' id='word_1_252' title='bbox 479 2531 576 2569; x_wconf 80' lang='lat' dir='ltr'><strong>infra,</strong></span> <span class='ocrx_word' id='word_1_253' title='bbox 596 2542 630 2561; x_wconf 89' lang='lat' dir='ltr'><strong>n.</strong></span> <span class='ocrx_word' id='word_1_254' title='bbox 652 2521 739 2572; x_wconf 77' lang='lat'><strong>519.¹</strong></span> 
     </span>
     <span class='ocr_line' id='line_1_36' title="bbox 357 2575 1415 2619; baseline 0.001 -13"><span class='ocrx_word' id='word_1_255' title='bbox 357 2576 370 2594; x_wconf 72' lang='lat'><strong>‘2</strong></span> <span class='ocrx_word' id='word_1_256' title='bbox 389 2575 470 2606; x_wconf 86' lang='lat' dir='ltr'><strong>Vid.</strong></span> <span class='ocrx_word' id='word_1_257' title='bbox 492 2575 670 2613; x_wconf 83' lang='lat' dir='ltr'><strong>Solimani‚</strong></span> <span class='ocrx_word' id='word_1_258' title='bbox 688 2577 794 2606; x_wconf 73' lang='lat' dir='ltr'><strong>lnslit.</strong></span> <span class='ocrx_word' id='word_1_259' title='bbox 816 2576 965 2612; x_wconf 71' lang='lat' dir='ltr'><strong>Elliicae‚</strong></span> <span class='ocrx_word' id='word_1_260' title='bbox 984 2577 1072 2608; x_wconf 83' lang='lat' dir='ltr'><strong>Part.</strong></span> <span class='ocrx_word' id='word_1_261' title='bbox 1096 2585 1122 2609; x_wconf 93' lang='lat'><strong>1.</strong></span> <span class='ocrx_word' id='word_1_262' title='bbox 1144 2581 1222 2609; x_wconf 83' lang='lat' dir='ltr'><strong>sect.</strong></span> <span class='ocrx_word' id='word_1_263' title='bbox 1244 2577 1281 2608; x_wconf 88' lang='lat' dir='ltr'><strong>ii.</strong></span> <span class='ocrx_word' id='word_1_264' title='bbox 1299 2588 1372 2619; x_wconf 86' lang='lat' dir='ltr'><strong>cap.</strong></span> <span class='ocrx_word' id='word_1_265' title='bbox 1387 2586 1415 2608; x_wconf 91' lang='lat'><strong>2.</strong></span> 
     </span>
    </p>
   </div>
  </div>
 </body>
</html>
