1716 2729
132 130 206 157 1111.
230 117 282 157 28
303 131 311 167 3
339 127 405 168 31,
430 117 516 167 32.]
581 112 634 153 de
652 110 835 152 Actibus
856 108 1092 150 Humanis.
1446 112 1528 157 233

131 232 251 281 bona,
302 237 351 272 ut
400 243 535 284 opera
583 226 770 277 virtutis,
822 225 1032 279 quoniam
1084 222 1279 264 medium
1330 225 1536 270 servent;

127 301 306 341 “virtus
323 300 342 316 ’'
390 299 522 347 enim,
564 296 772 337 omnibus
815 293 1068 342 fatentibus,
1110 292 1196 332 “iri
1237 288 1389 331 mediol
1430 302 1533 330 con-

128 369 246 410 sistit
264 366 300 410 :”
333 367 521 420 ideoque
545 368 588 418 3⁰
608 364 837 405 moraliter
867 362 974 403 bona
1006 375 1103 401 esse
1125 373 1213 400 non
1236 359 1380 399 solum
1404 371 1539 411 opera

131 451 183 477 ea
205 450 332 490 quae,
356 441 405 476 ut
427 434 616 487 exigunt
637 431 911 479 Thomistae,
935 430 977 469 in
1002 429 1149 469 Deum
1173 427 1437 480 referantur,
1460 425 1538 465 sed

129 506 266 546 etiam
308 518 360 544 63
404 504 476 555 (de
517 503 678 556 quibus
719 500 836 550 solis,
880 506 928 539 ut
970 503 1106 551 patet,
1147 502 1296 549 potest
1337 494 1407 535 hic
1444 507 1540 534 esse

132 574 354 627 quaestio)
378 586 504 626 quae,
535 584 672 624 quum
707 583 797 610 non
834 568 923 608 sint
957 581 1016 607 ex
1049 580 1097 606 se
1133 570 1332 619 peccata,
1354 568 1459 603 sunt
1496 562 1540 602 in

135 643 282 682 Deum
306 639 548 694 referibilia
563 653 578 679 .·
601 638 793 691 denique
815 641 874 688 4⁰,
893 636 1002 676 11366
1025 634 1175 675 omnia
1196 646 1343 686 opera,
1367 630 1542 684 quoties

134 710 243 750 fiant
279 708 520 749 deliberate
551 707 607 747 ab
641 706 820 747 homine
854 705 990 758 justo,
1023 716 1112 743 non
1145 702 1288 742 solum
1320 699 1547 741 moraliter

133 778 242 818 bolla
264 791 371 825 esse,
395 777 471 816 sed
496 776 630 816 etiarn
655 773 878 814 meritoria
905 771 1102 825 praemii
1119 767 1482 824 supernaturalis.

193 846 290 897 676.
324 844 452 898 Quae
504 844 685 897 quidem
728 842 958 882 doctrinae
999 840 1148 893 capita
1188 837 1438 891 Angelicus
1479 836 1541 877 sic

134 915 270 955 tradit
285 927 354 955 :—

192 983 292 1035 677.
326 982 397 1022 De
417 981 575 1022 verbis.
637 983 660 1000 “
683 979 924 1033 Gregorius
946 978 1066 1027 dicit,
1096 980 1105 997 ‘
1125 976 1334 1018 Otiosum
1355 974 1542 1016 verbum

134 1057 201 1092 est
241 1051 361 1104 quod
398 1056 475 1090 aut
519 1048 709 1089 utilitate
750 1046 1034 1096 rectitudinis,
1071 1051 1148 1086 aut
1190 1044 1362 1085 ratione
1389 1043 1543 1096 justae

132 1118 394 1160 necessitatis
414 1124 492 1159 aut
513 1117 618 1170 piae
637 1116 847 1158 utilitatis
867 1121 987 1156 caret
1007 1117 1015 1132 '
1062 1147 1070 1154 .
1123 1144 1133 1153 .
1185 1145 1195 1154 .
1257 1113 1342 1153 Est
1365 1111 1543 1160 malurn,

133 1188 238 1241 quia
259 1188 314 1228 de
336 1201 389 1228 eo
411 1187 599 1227 reddent
620 1185 823 1227 homines
846 1184 1064 1225 rationem
1088 1183 1131 1222 in
1154 1182 1225 1223 die
1242 1180 1398 1234 judicii
1459 1212 1469 1222 .

137 1256 194 1297 St
226 1262 369 1297 antem
406 1269 488 1296 72on
525 1260 639 1295 caret
669 1254 840 1294 ratione
872 1253 1021 1306 Justae
1043 1250 1321 1291 necessitatis
1344 1255 1422 1289 aut
1444 1249 1545 1302 piae

135 1323 338 1364 utilitatis
359 1329 422 1364 est
441 1322 611 1365 bonnm.
674 1322 796 1375 Ergo
818 1335 952 1362 omne
972 1320 1158 1361 verbum
1189 1325 1266 1359 aut
1288 1323 1355 1358 est
1376 1317 1543 1358 bonurn

133 1398 212 1433 aut
234 1390 460 1434 malum.”2

192 1460 287 1511 678.
322 1461 392 1500 De
414 1460 584 1500 iisdem.
645 1461 668 1478 “
685 1458 940 1500 Secundum
965 1456 1242 1510 Gregorium,
1264 1454 1456 1495 otiosum
1479 1459 1546 1494 est

132 1529 253 1582 quod
273 1535 393 1570 caret
415 1529 663 1569 intentione
685 1528 785 1580 piae
807 1527 1063 1574 voluntatis,
1087 1531 1164 1566 aut
1182 1523 1331 1577 justae
1354 1523 1544 1564 necessi-

133 1597 265 1648 tatis;
298 1598 416 1638 unde
448 1611 536 1637 non
568 1610 700 1637 omne
731 1595 917 1637 verbum
951 1594 1157 1648 jocosum
1190 1598 1256 1633 est
1291 1592 1486 1632 otiosum
1508 1591 1544 1631 si

134 1667 190 1707 ad
215 1666 512 1706 recreationem
545 1665 783 1706 referatur:
817 1665 921 1718 quia
953 1663 1088 1704 etiam
1121 1662 1164 1701 in
1182 1660 1297 1714 jocis
1327 1659 1546 1714 contingit

179 1795 192 1816 1
217 1797 241 1812 ‘⁴
259 1795 374 1826 Virtus
390 1794 524 1825 ordinat
542 1793 714 1824 hominem
737 1791 780 1823 ad
796 1791 923 1823 bonum
970 1813 979 1821 .
1030 1813 1037 1821 .
1087 1812 1096 1820 .
1143 1789 1278 1820 Bonum
1301 1792 1413 1818 autem
1437 1786 1544 1828 cujus-

134 1839 216 1871 libet
232 1838 413 1869 mensurati
429 1843 460 1868 et
479 1837 619 1878 regulati
635 1835 784 1868 consistit
807 1835 841 1866 in
860 1835 923 1866 hoc
939 1834 1030 1876 quod
1054 1832 1282 1865 conformetur
1304 1841 1383 1862 suae
1397 1831 1543 1871 regulae.

139 1906 147 1913 .
195 1905 204 1914 .
255 1881 383 1912 Malum
400 1887 512 1912 autem
529 1891 588 1921 per
603 1889 811 1921 consequens
826 1878 860 1910 in
875 1877 1066 1918 hujusmodi
1083 1882 1132 1908 est
1157 1886 1217 1917 per
1232 1875 1296 1905 1106
1312 1874 1403 1915 quod
1418 1873 1547 1915 aliquid

136 1925 304 1957 discordat
330 1936 350 1955 a
373 1935 432 1955 sua
454 1924 568 1965 regula
583 1923 637 1954 vel
660 1932 833 1959 mensura3
859 1922 949 1963 quod
973 1921 1110 1962 quidem
1134 1918 1298 1958 contingit
1321 1919 1373 1948 vel
1398 1927 1456 1958 per
1479 1917 1545 1948 hoc

134 1969 227 2011 quod
243 1968 462 2009 superexcedit
476 1977 678 2004 mensuram,
696 1966 751 1997 vel
766 1976 826 2006 per
841 1965 904 1996 hoc
921 1964 1012 2006 quod
1025 1963 1130 2004 daeficit
1143 1962 1186 1993 ab
1203 1972 1252 1997 ea,
1269 1961 1354 1992 sieut
1371 1960 1544 1992 manifeste

135 2017 273 2055 apparet
289 2012 323 2042 in
339 2010 492 2042 omnibus
508 2010 665 2051 regulatis
681 2014 713 2040 et
729 2008 938 2040 mensuratis

184 2058 207 2073 “
223 2056 266 2086 Et
283 2055 359 2086 ideo
376 2059 467 2096 patet
484 2054 573 2095 quod
602 2053 727 2084 bonum
746 2052 876 2083 virtutis
901 2050 1038 2082 moralis
1064 2048 1216 2081 consistit
1242 2047 1276 2078 in
1300 2046 1544 2088 adaequatione

137 2099 179 2131 ad
203 2108 391 2130 mensuram
419 2097 568 2128 rationis.
616 2095 833 2127 Manifestum
861 2099 910 2126 est
939 2099 1051 2125 autem
1082 2093 1173 2135 quod
1203 2092 1289 2122 inter
1316 2101 1487 2122 excessum
1510 2094 1543 2122 et

134 2142 303 2174 defectum
320 2141 462 2172 medium
481 2146 530 2172 est
546 2139 733 2182 aequalitas
748 2139 817 2170 sive
834 2137 1061 2169 conformitas.

183 2188 207 2203 ‘⁴
223 2185 323 2217 Unde
353 2183 527 2216 manifeste
557 2189 697 2224 apparet
724 2183 814 2224 quod
842 2182 945 2213 virtus
973 2179 1106 2212 moralis
1151 2178 1186 2209 in
1214 2177 1318 2209 medio
1353 2175 1541 2208 consistit.'’

139 2229 176 2261 S.
195 2229 353 2260 Thomas.
401 2228 553 2260 Summa.
574 2235 601 2257 1.
614 2235 645 2257 2.
664 2230 791 2267 quaest.
810 2225 863 2264 64.
879 2230 940 2256 art.
964 2233 991 2256 1.

184 2272 316 2304 Ibidem
342 2276 374 2302 et
401 2271 482 2301 alibi
510 2271 545 2301 S.
566 2270 694 2300 Doctor
709 2269 795 2300 hanc
810 2268 997 2299 doctrinam
1013 2265 1174 2307 exemplis
1191 2263 1342 2296 omnium
1359 2263 1426 2294 fere
1442 2263 1544 2294 virtu-

139 2322 210 2347 tum
227 2316 370 2347 illustrat
385 2326 393 2345 ε
417 2314 464 2345 sic
483 2313 722 2354 fortitudinem
746 2312 847 2349 tradit
863 2317 898 2343 ut
915 2310 1062 2342 medium
1077 2310 1164 2341 inter
1186 2307 1360 2339 audaciam
1387 2306 1485 2348 (quae
1500 2306 1544 2338 ab

136 2370 179 2391 ea
209 2369 268 2401 per
298 2368 456 2389 excessum
488 2357 624 2397 recedit)
653 2363 686 2387 et
711 2355 924 2386 timiditatem
957 2353 1054 2396 (quae
1083 2352 1209 2384 recedit
1239 2362 1257 2383 e
1287 2349 1454 2382 contrario
1484 2359 1545 2391 per

141 2401 328 2443 defletum):
351 2401 470 2433 eodem
488 2399 589 2431 modo
603 2399 826 2430 tzberalitatem
843 2398 943 2430 tradit
960 2405 996 2429 ut
1012 2396 1161 2428 medium
1176 2395 1262 2426 inter
1271 2394 1543 2434 prodigalitatem

71 2476 78 2481 ,
136 2452 171 2478 et
186 2446 366 2477 avaritiam
383 2455 397 2481 ;
420 2443 647 2486 affabilitatem
672 2449 708 2474 ut
732 2442 879 2474 medium
895 2442 982 2473 inter
1004 2439 1250 2472 assentationem
1273 2442 1306 2468 et
1328 2437 1542 2478 asperitatem,

137 2495 218 2524 etc„
243 2494 306 2520 etc.
351 2488 405 2519 De
434 2487 554 2529 quibus
580 2486 735 2518 omnibus
760 2486 829 2519 vid.
869 2485 922 2517 De
950 2484 1103 2526 Aguirre,
1141 2481 1351 2522 Philosophia
1389 2480 1543 2516 stimulis,

142 2533 217 2566 Lib.
234 2540 266 2562 2.
285 2542 364 2573 cap.
380 2538 412 2571 7.

141 2612 152 2618 ι
184 2575 200 2599 2
221 2576 374 2613 Summa,
396 2582 426 2606 ι.
444 2581 475 2605 2.
494 2576 623 2615 quaest.
644 2571 693 2605 18.
713 2577 776 2604 art.
794 2580 825 2612 9.
842 2571 876 2604 in
891 2581 986 2613 corp·
