1716 2729
142 80 201 118 40
728 69 956 109 Tractatus
1362 68 1538 122 [GURY,

144 182 262 223 debet
293 184 520 224 advertere
534 182 555 200 '’
592 185 844 237 praedicare
882 185 937 224 de
968 197 1021 225 eo
1052 184 1125 236 qui
1159 183 1301 231 reipsa
1325 187 1439 224 “non
1462 184 1538 224 ad—

145 250 309 291 vertz‘t.’'
373 252 461 292 Res
496 253 602 292 satis
640 258 763 305 patet
798 266 854 292 ex
894 252 1107 304 principio
1144 266 1183 292 n.
1224 251 1281 292 16.
1316 251 1539 293 stabilito:

145 320 263 371 quod
288 318 480 372 Sylviusl
502 321 562 360 sic
584 320 746 361 evolvit
761 323 849 361 :—“
870 321 1022 361 Homo
1044 334 1131 360 non
1163 326 1310 373 potest
1332 334 1378 360 se
1400 321 1538 373 appli-

144 400 244 427 care
288 389 342 427 ad
385 388 552 441 aliquid
594 389 963 429 considerandum
1027 420 1036 429 .
1099 419 1108 428 .
1182 388 1264 428 nisi
1306 388 1540 440 praecedat

145 456 356 508 cogitatio
379 456 538 510 aliqua,
560 471 647 510 qua
678 457 882 498 voluntas
916 456 1080 497 moveri
1111 457 1279 510 possit;
1312 470 1399 496 non
1423 457 1539 496 enim

144 524 279 565 homo
311 539 357 565 se
390 526 583 578 applicat
614 527 695 565 nisi
728 539 806 578 per
836 526 1122 574 voluntatem,
1155 525 1360 566 voluntas
1394 531 1541 565 autem

145 605 232 632 non
269 599 415 645 potest
451 608 496 633 se
530 606 705 632 movere
742 594 822 632 nisi
861 593 1037 646 praevia
1077 594 1357 646 cogitatione.
1420 593 1541 647 Ergo

147 662 324 712 quando
347 661 467 701 nulla
489 660 570 700 fuit
591 660 691 700 talis
714 661 925 712 cogitatio
986 694 992 700 .
1056 693 1064 700 .
1127 675 1214 701 non
1239 667 1305 701 est
1328 662 1371 700 in
1394 667 1541 714 potes-

146 735 237 768 tate
268 729 458 768 hominis
491 743 536 768 se
569 729 623 767 ad
662 728 792 768 istam
831 741 1035 778 movere;
1066 742 1116 768 ac
1149 742 1225 781 per
1256 742 1529 781 consequens

148 793 358 848 [carentia
393 794 713 850 advertentiae]
747 809 862 848 quae
892 795 976 836 ista
1007 797 1238 836 occasione
1270 802 1419 836 manet
1450 810 1537 836 non

147 870 212 902 est
235 864 480 915 reputanda
502 861 756 904 vincibilis.''

209 941 298 981 107.
333 930 466 971 Unde
513 930 640 970 facile
690 930 872 970 solvitur
914 932 1218 984 aequivocatio
1260 946 1348 984 qua
1389 933 1543 973 nititur

145 998 345 1038 doctrina
365 999 729 1038 adversariorum.
812 999 907 1039 Etsi
931 1000 1047 1039 enim
1079 1001 1354 1040 advertentia
1376 1001 1431 1041 de
1453 1015 1541 1054 qua

146 1067 291 1119 agitur
301 1067 523 1119 possibilis
545 1073 611 1107 est
637 1067 681 1107 in
701 1081 753 1115 se,
775 1073 936 1116 tamen,
958 1073 1006 1107 ut
1029 1069 1089 1108 ait
1123 1066 1381 1118 Suaresius‚2
1402 1070 1475 1109 “si
1498 1070 1541 1109 in

148 1141 342 1174 mentem
375 1135 566 1175 hominis
599 1148 824 1188 nunquam
856 1136 1024 1176 venerit
1056 1137 1110 1176 de
1133 1135 1206 1176 illa
1232 1137 1426 1189 cogitare
1471 1168 1480 1176 .
1530 1168 1538 1176 .

147 1216 234 1242 non
257 1208 406 1255 potest
428 1203 513 1243 dici
564 1233 574 1242 .
626 1233 636 1243 .
686 1217 781 1243 esse
805 1203 849 1242 iffl-
869 1203 1059 1244 lzomz’m's
1084 1203 1324 1256 potestate.''
1407 1205 1541 1245 Ratio

140 1269 232 1322 jam
256 1284 296 1311 n.
320 1272 409 1311 106.
428 1271 635 1323 exposita
649 1276 739 1320 est;
771 1284 914 1323 neque
932 1271 1047 1309 enim
1070 1283 1218 1309 verum
1237 1277 1302 1310 est
1317 1270 1541 1310 hominem

144 1337 213 1377 hic
247 1344 290 1378 et
321 1352 437 1379 nunc
469 1352 613 1391 posse,
645 1338 846 1390 potentia,
867 1343 916 1377 ut
947 1338 1080 1386 aiunt,
1107 1338 1321 1388 proxima,
1343 1339 1398 1379 ad
1432 1339 1539 1380 illud

144 1408 384 1456 advertere,
421 1421 558 1460 quum
594 1407 675 1446 “in
708 1406 803 1459 ejus
840 1411 1062 1459 potestate
1098 1419 1185 1446 non
1223 1407 1279 1447 sit
1312 1407 1540 1448 actualiter

142 1476 339 1527 cogitare
361 1489 412 1515 ea
434 1489 548 1528 quae
578 1489 656 1528 per
678 1474 921 1515 naturalem
955 1474 1395 1515 inconsiderationem
1420 1475 1540 1515 nullo

146 1543 279 1583 modo
310 1544 493 1583 veniunt
515 1543 554 1582 ei
586 1543 628 1582 in
654 1539 900 1582 mentem.’⁷³
960 1541 1092 1594 Quod
1125 1541 1159 1580 si
1181 1541 1416 1581 adversarii
1447 1556 1538 1582 rem

144 1617 301 1663 urgent
322 1612 674 1663 argumentando
706 1610 931 1650 hominem
966 1610 1107 1661 reipsa
1139 1609 1366 1649 advertere
1397 1623 1538 1662 posse,

143 1692 280 1731 quum
305 1679 530 1719 advertere
552 1678 724 1727 debeat,
746 1684 879 1730 atque
901 1677 1113 1729 obligatio
1142 1677 1389 1729 potentiam
1412 1691 1537 1730 prae-

143 1752 378 1799 supponat,
415 1747 572 1787 iterum
607 1759 706 1786 cum
747 1746 940 1785 Doctore
979 1743 1175 1785 Eximio*
1207 1746 1536 1798 respondemus,

145 1818 313 1866 “perse
332 1814 510 1867 quidem
544 1817 678 1854 teneri
706 1827 782 1854 seu
813 1813 1000 1866 oblzgarz'
1027 1812 1251 1853 hominem
1284 1810 1361 1868 [ad
1384 1814 1536 1854 adver-

142 1881 356 1934 tendum],
392 1882 673 1921 nihilominus
710 1887 858 1921 tamen
892 1881 1010 1920 illam
1043 1880 1357 1933 obligationem
1390 1881 1460 1921 hic
1491 1887 1534 1922 et
1565 1894 1569 1900 ‘

143 1963 258 1989 nunc
279 1950 490 2000 suspendi,
541 1982 548 1989 .
601 1981 608 1989 .
662 1949 729 1989 vel
753 1950 899 2002 potius
921 1949 1145 1988 hominem
1161 1949 1217 1988 ab
1240 1948 1312 1988 illa
1335 1950 1534 1989 excusam·

141 2024 319 2070 propter
347 2017 654 2069 impotentiam
688 2017 938 2070 proximam
991 2049 999 2056 .
1051 2046 1060 2056 .
1112 2030 1226 2069 quae
1257 2030 1314 2056 ex
1344 2017 1533 2057 naturali

140 2086 359 2126 oblivione
379 2085 447 2125 vel
470 2085 864 2124 inconsideratione
885 2090 980 2124 orta
1003 2084 1107 2125 est.”

204 2154 294 2194 108.
329 2153 424 2193 Etsi
461 2166 564 2193 vero
601 2166 658 2192 ex
681 2152 746 2191 his
780 2158 903 2204 patet
935 2152 1116 2192 omnino
1147 2153 1399 2205 negandum
1435 2166 1531 2194 esse

180 2292 242 2323 ¹In
263 2301 290 2323 1.
310 2300 341 2322 2.
359 2299 485 2334 quaest.
506 2291 560 2330 76.
577 2296 639 2321 nrt.
659 2298 689 2329 3.
709 2300 821 2331 quaer.
840 2290 888 2321 iii.
906 2290 1010 2321 conel.
1027 2298 1059 2320 2.
1108 2290 1160 2320 De
1185 2290 1303 2321 eodem
1316 2294 1526 2330 argumento,

136 2341 267 2376 praeter
284 2336 363 2366 AA.
381 2342 413 2366 et
430 2341 537 2366 textus
553 2345 651 2375 supra
671 2333 714 2373 (n.
735 2333 795 2374 16.)
814 2334 943 2370 citatos,
960 2333 1028 2364 vid.
1057 2334 1190 2370 Suamz,
1222 2334 1276 2363 Tr.
1301 2334 1338 2363 (le
1363 2334 1528 2368 Censuris,

137 2380 234 2420 Disp.
253 2388 286 2418 4.
305 2383 385 2409 sect.
403 2378 471 2408 viii.
489 2388 523 2408 n.
546 2377 602 2413 183
621 2377 781 2414 Sanchez,
801 2377 844 2407 Iu
862 2377 1021 2417 Decalog„
1039 2376 1113 2407 Lib.
1137 2384 1165 2406 1.
1183 2386 1256 2417 cap.
1268 2377 1333 2406 xvi.
1349 2387 1406 2408 nn.
1421 2382 1525 2416 21-5;

136 2422 290 2458 Terillus,
312 2423 360 2452 De
375 2422 498 2462 Regula
516 2421 665 2457 Μοναηι,
683 2421 772 2450 Part.
792 2420 823 2450 ii.
844 2424 972 2460 quaest.
991 2419 1044 2459 63.
1291 2440 1294 2441 ν

176 2465 189 2485 2
206 2466 259 2496 Tr.
279 2465 315 2495 de
338 2465 540 2501 Voluntaria,
561 2464 657 2504 Disp.
673 2473 704 2501 4.
724 2468 804 2494 sect.
823 2463 842 2494 i.
866 2474 897 2494 n.
921 2471 970 2502 19.

177 2509 191 2527 ³
203 2508 344 2548 Sylvius,
363 2508 445 2538 ibid.

177 2552 188 2570 4
202 2551 332 2589 Suarez,
361 2551 417 2581 Tr.
434 2550 471 2580 de
489 2550 654 2586 Censzwis,
675 2549 774 2590 Disp.
793 2558 826 2588 4.
846 2554 926 2580 sect.
945 2548 1013 2579 viii.
1031 2558 1062 2579 n.
1088 2547 1136 2579 18.
