1716 2729
596 86 828 141 Praefatio
858 86 896 126 Α
906 84 1073 125 uclom's.
1497 78 1543 117 xi

137 211 369 257 virtutem
397 207 533 266 fovit,
561 216 610 253 et
643 202 899 251 doctrinae
926 198 1190 263 splendore
1216 192 1546 259 complevit.'⁷¹

141 292 228 341 Ille
268 293 415 353 enim,
459 300 511 337 ut
566 304 723 351 nuper
761 304 788 333 e
831 283 1067 332 cathedra
1105 280 1330 329 veritatis
1380 278 1543 327 edocti

136 394 318 436 sumus,
344 392 496 437 quum
524 372 655 420 nulla
680 370 826 418 fuerit
865 385 1032 416 sacrae
1060 365 1405 429 philosophiae
1432 379 1546 426 pars

143 464 335 524 “quam
382 475 481 506 non
526 467 669 505 acute
712 453 857 502 simul
897 464 948 501 et
989 450 1146 499 solide
1191 446 1543 513 pertractarit,'’

145 545 254 593 “de
283 543 512 591 humanis
550 540 742 589 actibus
778 553 1049 600 eorumque
1076 532 1331 598 principiis
1358 532 1426 579 ita
1451 530 1548 578 dis-

140 628 346 692 putavit,
375 640 426 676 ut
453 629 500 675 in
519 643 578 675 eo
604 642 766 688 neque
792 626 995 686 copiosa
1015 619 1360 682 quaestionum
1389 633 1549 679 seges,

143 731 303 777 neque
331 723 447 776 apta
484 711 696 774 partium
734 708 1010 770 dispositio,
1040 723 1200 769 neque
1228 705 1417 768 optima
1443 721 1549 767 pro-

144 798 353 847 cedendi
403 798 538 852 ratio,
591 810 753 857 neque
804 791 1162 855 principiorum
1213 789 1420 836 firmitas
1468 800 1552 835 aut

145 893 551 947 argumentorum
588 880 747 934 robur,
790 893 951 939 neque
989 876 1186 924 dicendi
1226 875 1552 939 perspicuitas

145 979 229 1016 aut
253 967 543 1030 proprietas,
569 980 732 1026 neque
761 963 989 1010 abstrusa
1016 976 1243 1024 quaeque
1272 960 1554 1022 explicandi

148 1052 355 1100 facilitas
381 1048 757 1100 desideretur.⁷’‘²

223 1136 332 1184 Etsi
358 1153 480 1185 vero
506 1135 555 1182 id
576 1134 791 1182 maxime
812 1132 931 1179 mihi
952 1132 1087 1179 cordi
1115 1142 1221 1179 erat
1247 1142 1300 1178 ut
1326 1131 1373 1178 in
1400 1131 1555 1179 omni-

151 1224 243 1270 bus
269 1221 482 1284 vestigia
502 1235 829 1283 persequerer
860 1217 1062 1264 Patroni
1091 1218 1213 1265 tanti
1240 1235 1294 1265 ac
1321 1216 1557 1264 Doctoris

157 1307 298 1370 eujus
322 1322 381 1353 ea
406 1304 552 1351 fuerit
589 1303 774 1350 veritas
813 1302 1186 1360 sententiarum,
1215 1312 1267 1349 ut
1304 1318 1556 1364 nunquam

154 1392 237 1454 qui
264 1390 539 1438 doctrinam
565 1389 675 1452 ejus
702 1387 916 1435 tenuerit
942 1387 1174 1435 inventus
1201 1387 1262 1434 sit
1283 1404 1311 1433 a
1336 1387 1558 1434 veritatis

154 1476 353 1524 tramite
400 1472 663 1532 deviasse,3
711 1490 789 1520 me
839 1484 1004 1519 tamen
1070 1489 1167 1519 non
1219 1472 1454 1535 praeterit
1510 1471 1558 1517 id

154 1561 377 1609 accidere
403 1558 624 1622 potuisse
662 1567 714 1604 ut
740 1557 787 1604 in
815 1567 888 1604 tot
925 1557 1237 1619 exponendis
1263 1556 1559 1618 quaestioni-

157 1646 263 1705 bus,
292 1645 448 1708 iisque
475 1653 577 1690 tum
619 1641 882 1688 subtilibus
921 1651 1024 1687 tum
1061 1641 1299 1699 obscuris,
1329 1639 1563 1688 nonnulla

160 1731 321 1777 minus
352 1744 472 1775 vera
512 1738 709 1790 praeter
746 1725 1058 1773 voluntatem
1090 1726 1390 1773 tradiderim.
1484 1725 1561 1772 Id-

158 1816 286 1862 circo
311 1832 370 1862 ea
395 1813 562 1861 onmia
589 1828 717 1874 quae
754 1811 801 1858 in
840 1810 932 1858 hoc
961 1811 1198 1858 Tractatu
1227 1812 1411 1874 scrIpsi‚
1439 1812 1563 1858 sicut

161 1900 253 1946 alia
278 1916 389 1946 mea
410 1912 752 1962 quaecumque
773 1895 878 1942 sive
898 1895 1003 1958 jam
1031 1895 1224 1958 scripta,
1248 1896 1353 1943 sive
1375 1906 1561 1958 postea,

164 1984 202 2030 si
229 2000 327 2046 qua
353 1994 512 2043 erunt,
541 1979 1022 2044 scribenda,judicio
1053 1979 1305 2027 pontificis
1336 1980 1563 2039 Romani,

163 2069 238 2115 cui
266 2069 313 2115 in
346 2068 399 2115 Β.
431 2069 579 2115 Petro
613 2065 951 2114 concreditum
989 2075 1066 2112 est
1093 2064 1345 2112 infallibile
1384 2064 1564 2128 magis-

164 2153 339 2200 terium
384 2151 661 2205 Ecclesiam
706 2151 862 2213 ipsam
914 2149 1196 2196 universam
1239 2148 1466 2208 docendi,
1509 2165 1567 2196 ea

164 2254 261 2300 qua
309 2237 452 2284 decet
501 2235 781 2283 reverentia
829 2244 877 2281 et
921 2233 1221 2291 obedientia,
1266 2244 1370 2280 toto
1418 2233 1566 2280 corde

166 2321 386 2384 subjicio.

498 2399 769 2436 MAVNUTIAE,

167 2457 240 2490 Die
266 2456 375 2489 Festo
402 2454 471 2488 SS.
491 2454 727 2498 Angelorum
756 2451 970 2491 Custodum,
994 2451 1095 2485 1880.

360 2519 476 2624 {Eidd
492 2519 649 2587 ἶΕῐιςὲςῖ.
668 2542 829 2576 Aeterni
844 2539 975 2575 Patris
995 2540 1028 2581 (4
1046 2539 1214 2582 August„
1240 2537 1356 2583 1879).

362 2639 374 2661 ³
396 2602 490 2671 ibidss
