1716 2729
136 94 151 123 1
160 83 214 123 68
727 81 958 123 Tractatus
1121 91 1123 94 ⁴
1364 83 1542 134 [GURY,

130 199 385 252 hujusmodi
421 212 498 238 ens
535 198 749 251 diligere;
782 205 917 251 atque
954 212 977 239 e
1015 200 1235 240 contrario
1268 200 1421 240 odium
1444 200 1545 251 Dei,

131 269 212 308 etsi
236 268 368 317 idem,
391 280 552 320 nempe
574 267 668 320 ipse
692 266 827 311 Deus.
860 274 926 307 est
949 267 1174 319 objectum
1199 268 1293 321 ejus
1325 275 1546 319 remotum,

130 344 281 377 tamen
314 343 383 377 est
413 351 472 377 ex
494 337 673 390 objecto
705 336 905 386 malum;
937 337 1201 378 moralitatis
1234 337 1350 377 enim
1383 338 1546 391 regulis

131 405 338 446 difforme
360 412 426 446 est
449 412 496 445 ut
519 412 645 445 actus
677 405 930 446 istiusmodi
963 406 1076 446 circa
1101 406 1247 446 Deum
1272 412 1545 447 exerceatur.

133 473 348 515 Similiter
361 474 596 514 deducitur
611 473 985 527 complacentiam
1009 474 1192 526 peccati,
1209 487 1289 526 vg.
1306 473 1546 524 ebrietatis,

131 556 228 583 esse
266 557 324 583 ex
356 541 535 595 objecto
569 542 762 591 malam;
796 548 931 595 atque
964 556 988 583 e
1021 542 1242 583 contrario
1275 555 1333 582 ex
1366 542 1547 595 objecto

130 611 297 651 bonum
323 624 419 651 esse
441 610 642 664 ejusdem
667 612 838 664 peccati
861 611 1014 651 odium
1041 617 1117 651 aut
1140 611 1503 652 detestationem.

541 769 560 821 ξ
603 779 642 807 2.
676 768 745 808 De
778 766 1138 810 Cz'rczmzstantz‘zk.

187 854 282 905 461.
317 852 1022 899 Definitio.—Circumstantiae
1053 859 1156 894 sunt
1179 853 1391 906 adjuncta
1414 867 1548 907 quae-

131 923 236 964 dam
270 925 365 965 sine
398 924 562 978 quibus
594 930 719 964 actus
751 922 1003 963 substantia
1035 922 1208 976 concipi
1232 929 1391 976 potest.
1457 922 1548 963 Res

131 993 238 1033 satis
280 1008 413 1047 supra
458 997 513 1044 (n.
556 991 672 1044 435.)
716 991 926 1044 exposita
977 996 1055 1039 est,
1107 997 1244 1044 atque
1296 990 1438 1043 magis
1490 1003 1548 1030 ex

132 1062 354 1115 exemplis
379 1076 487 1102 mox
509 1061 739 1102 tradendis
762 1059 943 1112 patebit.

188 1131 287 1181 462.
321 1130 695 1172 Circumstantiae
718 1128 912 1169 revocari
946 1127 1091 1168 solent
1113 1129 1169 1168 ad
1193 1133 1365 1181 septem
1389 1127 1548 1180 capita,

131 1213 246 1252 quae
268 1200 352 1239 hoc
373 1199 591 1241 versiculo
614 1203 898 1239 recensentur
915 1212 985 1236 :—

194 1270 315 1320 Quis,
345 1271 461 1324 qnid,
494 1271 578 1317 ubi,
603 1270 753 1323 quibus
788 1268 983 1317 auxiliis,
1004 1281 1091 1317 cur,
1123 1266 1340 1320 quomodo,
1362 1266 1549 1320 quando.

193 1339 367 1380 Harum
401 1339 556 1393 prima,
598 1338 708 1391 qni5‚
748 1336 946 1377 declarat
989 1336 1173 1389 quinam
1217 1349 1268 1376 ac
1309 1336 1452 1389 qualis
1494 1335 1551 1376 sit

130 1422 296 1462 agens:
329 1422 384 1448 an
417 1423 499 1462 v.g.
523 1408 579 1448 sit
602 1406 823 1455 sacerdos,
855 1404 1006 1453 laicus,
1041 1404 1327 1445 matrimonio
1355 1403 1551 1457 junctus,

132 1476 294 1530 ligatus
316 1482 423 1517 voto
455 1475 687 1524 castitatis,
710 1480 805 1522 etc.,
829 1478 909 1513 etc.

191 1544 410 1595 Secunda,
431 1545 548 1598 quid,
566 1543 743 1597 respicit
766 1541 829 1592 (a)
848 1540 1134 1594 quantitatem
1155 1541 1226 1590 rei,
1251 1554 1301 1580 ac
1325 1540 1386 1595 (b)
1410 1540 1552 1593 quali-

131 1619 261 1654 tatem
285 1613 345 1653 rei
381 1619 457 1654 aut
494 1625 721 1666 personae,
745 1611 860 1650 circa
894 1623 1030 1662 quam
1064 1610 1181 1649 actio
1202 1617 1429 1650 versatur:
1466 1623 1551 1662 vg.

132 1682 287 1735 quanti
310 1681 457 1722 valeat
494 1695 561 1721 res
597 1680 714 1720 furto
748 1678 927 1728 ablata;
962 1691 1017 1717 an
1041 1678 1097 1717 sit
1132 1677 1250 1717 calix
1273 1684 1350 1718 aut
1382 1677 1550 1730 aliquid

132 1750 252 1790 aliud
272 1750 371 1790 Deo
407 1756 656 1797 sacratum;
694 1761 749 1788 an
774 1746 846 1786 ille
881 1746 956 1798 qui
982 1747 1254 1798 percutiatur
1276 1747 1333 1787 sit
1354 1747 1552 1796 clericus,

131 1818 489 1871 consanguineus
514 1815 813 1870 percutientis,
837 1820 933 1864 etc.,
956 1821 1035 1855 etc.

192 1887 355 1935 Tertia,
381 1885 466 1936 nbi,
498 1885 676 1938 respicit
713 1883 847 1923 locum
872 1883 914 1922 in
938 1896 1027 1936 quo
1062 1882 1178 1923 actio
1212 1882 1288 1922 fit:
1325 1896 1380 1923 an
1404 1896 1485 1936 vg.
1508 1883 1552 1922 in

131 1955 230 1996 loco
248 1954 439 2008 publico,
456 1954 500 1993 in
524 1952 710 1993 ecclesia
732 1957 808 1991 aut
832 1951 875 1990 in
893 1950 981 1991 alio
1004 1950 1102 1991 loco
1125 1965 1262 2001 sacro,
1295 1958 1390 2002 etc.,
1412 1958 1491 1992 etc.

193 2023 378 2076 Quarta,
403 2022 557 2076 quibus
577 2020 771 2069 auxiliis,
792 2019 969 2073 respicit
992 2019 1133 2059 media
1156 2025 1232 2060 aut
1255 2021 1552 2061 instrumenta

133 2092 294 2145 quibus
336 2104 472 2144 agens
514 2090 653 2130 utitur
705 2089 748 2128 in
800 2088 1029 2140 operando
1050 2101 1058 2128 :
1114 2101 1170 2128 an
1223 2103 1308 2142 vg.
1362 2089 1551 2130 alterum

133 2159 361 2201 induxerit
391 2159 446 2199 ad
470 2157 640 2197 facinus
665 2157 946 2209 patrandum,
964 2157 1026 2197 sic
1049 2157 1266 2209 praebens
1294 2159 1332 2198 ei
1356 2159 1551 2198 occasio-

135 2242 236 2268 nem
261 2227 472 2280 peccandi
497 2241 504 2275 ;
528 2240 583 2266 an
607 2235 746 2265 artem
773 2226 993 2279 magicam
1017 2226 1060 2265 in
1085 2227 1262 2278 agendo
1286 2226 1552 2276 adhibuerit,

135 2304 231 2345 etc.,
253 2304 335 2336 etc.

196 2364 377 2417 Quinta,
413 2378 498 2413 cur,
538 2363 717 2416 respicit
754 2362 940 2404 actionis
960 2361 1133 2416 finem:
1170 2363 1225 2403 de
1256 2376 1344 2416 quo
1378 2362 1473 2402 fuse
1507 2363 1550 2402 in

137 2434 338 2485 sequenti
363 2431 573 2473 sectione1
595 2431 819 2482 agendum
843 2431 937 2471 erit.

574 2547 584 2566 1
600 2546 679 2577 Vid.
700 2546 796 2583 infra,
818 2557 875 2576 nn.
893 2553 970 2585 471.
989 2551 1022 2577 et
1039 2557 1109 2588 seq.
