1716 2729
99 53 140 79 n.
165 36 250 93 28.]
546 37 598 77 de
616 36 802 77 Actibus
822 36 1064 78 Humanis.
1440 47 1484 88 17
1492 49 1514 88 3

98 155 155 196 sit
176 154 362 195 idoneus
397 154 452 194 ad
491 159 656 193 statum
692 151 1016 192 sacerdotalem
1052 152 1311 201 ineundum,
1337 153 1517 206 insuper

100 223 155 276 (c)
178 222 474 263 sacerdotium
509 221 682 274 appetit
712 226 760 261 ut
783 221 844 261 sic
867 220 1013 261 valeat
1036 220 1301 262 beneficium
1339 222 1515 275 assequi

99 291 167 332 cui
191 304 368 331 annexa
391 296 458 329 est
495 289 743 329 animarum
784 302 900 338 cura,
922 302 1011 342 quo
1048 290 1238 342 fungens
1262 289 1408 330 officio
1446 290 1511 343 (d)

99 358 270 399 laboret
288 359 330 398 in
357 357 663 411 proximorum
696 356 899 406 salutem,
921 363 1055 410 atque
1084 357 1133 410 (e)
1160 358 1221 397 sic
1255 365 1516 410 promoveat

96 427 282 480 gloriam
308 426 392 466 Dei
412 439 420 475 ;
455 426 498 465 in
523 425 607 464 hoc
629 439 736 465 casu
760 424 860 465 finis
882 424 1065 465 ultimus
1087 425 1297 465 studendi
1338 432 1405 465 est
1430 426 1514 466 Dei

98 495 250 548 gloria,
272 500 407 547 atque
431 492 539 533 fines
563 492 812 533 intermedii
831 507 907 534 seu
931 507 1013 534 non
1036 493 1187 533 ultimi
1205 499 1308 533 sunt
1330 494 1515 534 scientia

98 562 362 616 theologiae,
379 562 689 611 sacerdotium,
705 561 985 612 beneficium,
1002 563 1251 603 animarum
1267 575 1382 611 cura,
1397 562 1514 602 salus

96 630 492 684 proximi.—Finis
531 630 664 683 igitur
698 629 979 671 intermedius
1000 631 1218 671 rationem
1252 629 1387 671 habet
1418 636 1513 671 tum

83 699 209 752 finis,
231 699 443 752 spectatis
480 699 638 738 mediis
660 712 776 751 quae
798 699 1061 739 ordinantur
1097 701 1152 739 ad
1177 700 1323 752 ipsum
1361 712 1514 739 conse—

96 768 335 820 quendum,
371 773 466 807 tum
501 766 643 816 medii,
666 772 869 820 spectato
907 767 994 808 fine
1032 767 1242 808 ulteriore
1280 767 1336 808 acl
1379 781 1513 821 quem

96 836 190 888 ipse
221 836 461 876 ordinatur.

153 905 252 956 478.
287 903 465 944 Praeter
497 903 631 943 finem
665 903 855 944 absolute
893 918 969 944 seu
1005 904 1259 956 simpliciter
1292 904 1514 954 ultimum,

96 977 245 1025 potest
267 986 362 1012 esse
377 971 475 1011 finis
500 971 682 1012 ultimus
696 972 928 1012 secundnm
949 973 1067 1025 quid,
1090 973 1178 1025 qui,
1201 973 1282 1012 etsi
1300 973 1356 1012 ad
1378 971 1512 1012 finem

94 1040 347 1081 ulteriorem
371 1040 567 1090 refertur,
590 1047 740 1082 tamen
764 1041 947 1081 ultimus
980 1047 1046 1082 est
1069 1042 1110 1080 in
1134 1041 1283 1093 aliqua
1304 1041 1415 1080 serie
1436 1054 1514 1080 seu

96 1110 251 1150 ordine
273 1123 418 1150 rerum
438 1126 446 1150 z
471 1110 532 1150 sic
554 1125 638 1163 vag,
663 1111 831 1151 sanitas
855 1110 1051 1163 corporis
1070 1116 1136 1150 est
1158 1109 1243 1150 hoc
1265 1108 1515 1161 sensufim‘s

96 1177 278 1218 ultimus
310 1179 353 1218 in
393 1179 573 1231 negotio
611 1179 871 1227 medicinae,
909 1185 1044 1232 atque
1080 1177 1266 1219 scientia
1302 1183 1370 1217 est
1399 1176 1515 1229 finis

97 1246 278 1286 ultimus
299 1248 341 1287 in
366 1248 546 1299 negotio
570 1248 832 1297 studiorum,
846 1248 1049 1300 quamvis
1065 1247 1232 1287 sanitas
1255 1260 1305 1286 ac
1329 1246 1514 1286 scientia

97 1313 353 1362 referantur,
376 1315 490 1355 sicut
529 1316 713 1355 omnino
737 1315 884 1355 referri
922 1315 1098 1365 debent,
1121 1316 1163 1355 in
1199 1314 1333 1355 finem
1365 1313 1511 1354 ulteri-

96 1396 231 1432 orem,
255 1396 415 1436 nempe
437 1384 481 1423 in
505 1383 691 1436 gloriam
717 1384 815 1423 Dei.

153 1461 253 1504 479.
288 1450 475 1504 Insuper
510 1458 659 1504 potest
694 1451 792 1492 finis
815 1452 997 1492 ultimus
1019 1465 1115 1492 esse
1137 1452 1207 1492 vel
1230 1450 1414 1504 positive
1441 1449 1510 1490 vel

97 1520 294 1573 negative
314 1519 497 1560 ultimus
516 1535 525 1560 :
539 1521 727 1573 positive
748 1522 930 1562 ultimus
951 1522 1234 1563 constituitur
1256 1520 1354 1560 finis
1372 1520 1407 1559 si
1433 1533 1510 1559 ex-

91 1588 329 1628 cludantur
380 1601 536 1629 omnes
589 1589 697 1630 fines
761 1591 1018 1640 ulteriores3
1081 1590 1280 1643 negative
1329 1588 1513 1629 ultimus

91 1657 376 1698 constituitur
409 1657 444 1697 si
480 1656 578 1697 finis
613 1657 806 1707 ulterior,
842 1659 924 1699 etsi
959 1672 1047 1699 non
1086 1659 1344 1707 intenditur,
1367 1670 1511 1710 neque

91 1733 242 1769 tamen
285 1727 552 1769 excluditur.
637 1728 711 1770 Sic
751 1743 834 1783 v.g.
879 1729 1132 1782 paucissimi
1182 1735 1287 1769 sunt
1338 1728 1413 1782 qui
1465 1729 1509 1768 in

91 1799 277 1851 singulis
299 1799 416 1839 vitae
440 1799 731 1852 quotidianae
754 1801 927 1841 actibus
950 1801 1230 1854 perficiendis
1254 1802 1402 1842 Deum
1425 1801 1508 1841 sibi

89 1874 345 1922 proponunt
367 1873 415 1908 ut
450 1867 583 1908 finem
607 1868 814 1910 ultimum
827 1870 1016 1921 positive
1028 1886 1047 1919 ‚·
1086 1885 1166 1911 nec
1189 1871 1427 1924 quisquam
1451 1870 1507 1909 ad

90 1935 175 1976 hoc
196 1942 396 1976 tenetur:
420 1936 555 1976 debet
578 1942 729 1977 tamen
753 1937 877 1976 Deus
900 1936 1058 1976 saltem
1096 1938 1294 1990 negative
1325 1937 1508 1978 ultimus

92 2003 190 2044 finis
212 2018 307 2045 esse
329 2003 543 2046 omnium.
1090 2006 1092 2008 ’

148 2074 245 2123 480.
282 2072 365 2113 Est
390 2076 433 2124 3⁰
449 2072 595 2113 totalis
617 2072 686 2113 vel
697 2071 923 2125 partialis,
939 2079 1072 2127 prout
1092 2087 1229 2128 agens
1247 2074 1308 2126 (a.)
1327 2081 1507 2128 propter

89 2154 191 2180 eum
214 2140 357 2181 solum
391 2140 525 2180 finem
559 2141 662 2194 agit,
686 2140 755 2182 vel
791 2141 884 2194 agit
920 2141 1051 2182 simul
1087 2142 1147 2197 (b)
1185 2147 1366 2196 propter
1397 2142 1505 2183 fines

87 2208 200 2248 duos
250 2214 328 2249 aut
378 2208 538 2261 plures.
620 2209 713 2249 Res
763 2208 1008 2250 illustratur
1059 2210 1269 2263 exemplo
1319 2209 1504 2263 alicujus

87 2277 421 2330 eleemosynam
460 2276 687 2331 largientis
724 2277 784 2332 (a)
807 2277 874 2318 vel
905 2279 960 2318 ad
995 2292 1238 2332 pauperem
1271 2277 1502 2319 sublevan-

87 2346 206 2395 dum,
225 2346 294 2386 vel
328 2346 384 2386 ad
407 2359 567 2385 vanam
599 2345 785 2399 gloriam
824 2348 1163 2401 assequendam,
1184 2347 1252 2388 vel
1277 2346 1340 2401 (b)
1372 2348 1503 2388 simul

86 2415 145 2455 ob
167 2414 301 2454 finem
324 2419 571 2466 utrumque.

143 2485 244 2535 481.
277 2483 451 2523 Deinde
494 2481 592 2523 finis
622 2483 837 2536 partialis
869 2491 936 2525 est
966 2485 1218 2538 primarias
1257 2483 1326 2524 vel
1361 2497 1503 2525 secme-
