1716 2729
170 129 184 157 Ι
197 127 215 169 5
226 130 247 158 2
758 122 799 162 T
797 129 988 163 iactatus
1404 123 1581 177 [GURY‚

161 233 251 274 fide
274 241 491 288 martyres
513 238 812 285 occumbunt,1
834 246 927 289 etc.,
951 245 1029 280 etc.
1093 240 1290 280 Tantum
1313 240 1431 280 enim
1455 240 1580 281 abest

163 312 213 347 ut
244 308 301 347 ad
322 307 430 348 haec
453 308 697 350 obtinenda
718 311 908 352 sufficiat
943 311 1140 353 internus
1162 311 1405 352 voluntatis
1443 318 1580 365 actus,

163 389 240 415 seu
263 376 532 418 desiderium
564 381 849 431 quantumvis
873 379 1033 420 efficax
1059 381 1243 434 injuncti
1283 381 1428 434 operis
1451 381 1579 435 perfi-

162 444 320 493 ciendi,
357 447 623 487 sacramenti
661 449 943 501 suscipiendi,
975 451 1175 503 martyrii
1210 450 1442 498 subeundi,
1480 457 1577 501 etc.,

163 522 257 565 etc„
279 523 326 556 ut
351 523 505 558 contra
528 531 582 557 ne
605 525 816 559 externus
839 520 1021 572 quidem
1045 527 1170 561 actus
1194 521 1382 562 sufficiat
1405 521 1439 560 si
1463 521 1578 562 desit

160 585 228 625 vel
252 599 340 626 una
376 600 434 626 ex
471 587 803 628 conditionibus
841 603 955 641 quae
994 603 1051 629 ex
1086 590 1367 630 institutione
1406 589 1575 630 Christi

162 654 346 694 Domini
370 661 446 695 aut
485 654 712 697 Ecclesiae
735 659 789 698 ad
823 657 903 698 hos
927 657 1109 699 effectus
1143 659 1457 712 producendos
1480 659 1575 699 exi-

159 730 346 775 gantur:
391 726 510 777 quod
554 726 735 778 quidem
777 741 929 767 verum
969 733 1035 768 est
1073 728 1247 768 etiamsi
1285 728 1484 768 defectus
1519 728 1576 768 sit

159 792 370 842 occultus,
392 795 506 834 adeo
529 801 576 834 ut
599 808 736 848 agens
759 797 954 846 omnino,
978 804 1022 837 et
1045 797 1227 850 quidem
1251 798 1575 847 invincibiliter,

160 861 332 913 ignoret
354 869 500 903 actum
521 878 617 904 esse
640 865 895 907 invalidum.

216 942 313 984 405.
349 934 507 988 Neque
531 938 574 987 3⁰
595 942 661 975 est
676 937 878 988 quaestio
901 950 956 976 an
975 944 1100 976 actus
1118 943 1330 977 externus
1350 937 1575 978 moraliter

157 1001 301 1041 bonus
324 1009 400 1043 aut
424 1003 566 1044 malus
588 1005 860 1057 superaddat
884 1005 1056 1045 interno
1086 1005 1203 1045 actui
1226 1005 1472 1045 bonitatem
1497 1012 1574 1046 aut

158 1070 374 1111 malitiam
408 1073 634 1125 quandam
673 1073 940 1113 materialem
957 1089 976 1122 ,·
1014 1087 1158 1126 neque
1179 1074 1297 1113 enim
1336 1074 1570 1126 quisquam

158 1147 292 1190 negat
333 1147 542 1181 externos
577 1148 717 1191 actus,
761 1156 842 1195 vg.
878 1142 1094 1194 largiendi
1128 1142 1462 1195 eleemosynam
1496 1150 1573 1184 aut

156 1208 382 1249 hominem
436 1210 678 1260 occidendi,
731 1225 826 1251 esse
877 1225 957 1251 suo
1011 1211 1145 1251 modo
1199 1210 1448 1251 conformes
1495 1217 1573 1252 aut

157 1276 382 1317 difformes
420 1279 581 1332 regulis
626 1293 812 1329 morum,
848 1287 891 1320 et
929 1280 1030 1320 ideo
1070 1279 1371 1320 moralitatem
1408 1279 1573 1321 habere

155 1346 314 1386 saltem
351 1348 619 1388 materialem
657 1362 733 1388 seu
771 1348 1031 1401 objectivam.
1096 1348 1312 1401 Quaestio
1343 1349 1477 1402 igitur
1508 1355 1574 1390 est

155 1416 212 1455 de
247 1423 491 1468 augmento
526 1417 739 1458 bonitatis
775 1423 852 1458 aut
891 1417 1089 1457 malitiae
1113 1417 1330 1469 formalis
1363 1431 1439 1457 seu
1474 1418 1572 1458 snb-

139 1483 357 1536 jectivae?

210 1554 308 1603 406.
344 1553 550 1607 Denique
571 1558 618 1606 4⁰
639 1556 1018 1608 praemittendum
1042 1561 1109 1594 est
1141 1555 1448 1607 quaestionem
1477 1569 1571 1596 esse

152 1635 209 1662 an
231 1628 443 1664 externus
466 1630 590 1664 actus
622 1632 701 1677 per
727 1639 771 1664 se
791 1624 929 1664 addat
951 1624 1198 1663 bonitatem
1234 1628 1311 1663 aut
1351 1623 1567 1664 malitiam

153 1691 270 1731 actui
288 1691 461 1733 interno
480 1707 487 1741 3
512 1707 613 1733 nam
632 1693 816 1733 dubium
835 1706 922 1732 non
946 1698 1012 1732 est
1026 1692 1133 1744 quin
1152 1692 1302 1744 possit,
1320 1698 1363 1732 et
1386 1692 1567 1744 quidem

152 1759 304 1808 soleat,
327 1760 572 1801 bonitatem
612 1767 688 1802 aut
724 1761 939 1801 malitiam
963 1774 1124 1813 augere
1159 1760 1317 1800 saltem
1345 1768 1428 1812 per
1463 1761 1568 1801 acci-

151 1828 284 1868 dens:
322 1830 441 1882 quod
481 1830 661 1882 quidem
693 1830 834 1870 tribus
869 1830 1013 1869 modis
1049 1829 1139 1869 fieri
1177 1835 1326 1883 potest
1349 1829 1568 1880 “scilicet,

150 1898 322 1938 ratione
347 1897 407 1950 (a)
432 1897 612 1950 majoris
646 1899 921 1948 intensitatis‚
947 1898 1008 1951 (b)
1033 1898 1213 1950 majoris
1245 1898 1501 1948 durationis,
1524 1905 1568 1939 et

151 1966 204 2019 (c)
229 1966 489 2018 repetitionis
510 1981 585 2008 seu
609 1967 981 2020 vmltz‘plicationis
1003 1973 1128 2007 actus
1151 1967 1310 2006 interni
1333 1981 1340 2017 ;
1378 1980 1565 2020 quarum

150 2035 350 2076 omnium
373 2037 547 2076 occasio
569 2050 701 2089 saepe
724 2043 790 2077 est
813 2043 936 2077 actus
960 2043 1185 2076 externus.

207 2113 305 2155 407.
337 2106 356 2123 “
377 2103 554 2144 Etenim
578 2104 641 2157 (a)
680 2104 888 2145 voluntas
911 2105 954 2144 in
978 2105 1075 2157 ipso
1100 2103 1314 2143 exercitio
1337 2109 1462 2143 actus
1485 2117 1564 2143 ex-

149 2173 262 2213 terni
281 2173 422 2225 magis
446 2174 712 2222 accenditur,
733 2173 958 2226 ferturque
975 2173 1017 2212 in
1036 2172 1262 2224 objectum
1278 2185 1378 2212 cum
1398 2171 1565 2224 majore

193 2340 201 2358 ἶ
221 2341 273 2370 De
291 2341 437 2380 martyrii
460 2340 607 2371 efficacia
624 2341 666 2370 ad
683 2350 822 2381 peccata
845 2340 1045 2371 remittenda
1062 2341 1128 2371 vid.
1154 2341 1286 2379 Suarez,
1307 2341 1360 2371 De
1382 2340 1564 2380 Baplismm

148 2384 245 2424 Disp.
263 2392 314 2422 29.
336 2384 413 2422 (Ed.
435 2384 547 2422 Vives,
568 2384 666 2414 Tom.
679 2383 747 2424 xx.)
764 2396 773 2422 3
791 2384 933 2420 Lessius,
950 2385 1152 2425 Desastitia
1183 2389 1211 2415 el
1230 2385 1324 2424 sure,
1343 2384 1420 2415 Lib.
1439 2391 1468 2422 3,
1511 2383 1564 2413 De

147 2428 363 2463 Fortittm'ine,
403 2427 488 2468 Cap.
518 2427 540 2457 i.
573 2427 651 2458 dub.
688 2434 764 2467 2-53
804 2428 952 2468 Struggl‚
988 2428 1154 2468 Jheologia
1187 2428 1340 2464 Moralis,
1382 2427 1494 2458 Tract.
1529 2434 1560 2465 9.

148 2477 276 2511 quaest.
305 2471 336 2502 ii.
367 2481 421 2502 nn.
457 2471 488 2502 6.
526 2476 557 2502 et
586 2481 678 2512 seq.;
712 2471 864 2504 Lacroix,
898 2471 972 2502 Lib.
1005 2472 1034 2503 6.
1070 2472 1123 2502 De
1142 2472 1374 2509 Sasramenffs,
1409 2481 1441 2501 n.
1473 2468 1562 2507 2883

151 2515 341 2555 Schouppe‚
363 2515 536 2546 Elementa
561 2515 663 2546 Theol.
685 2515 907 2556 Dogmalicae,
924 2515 1039 2546 Tract.
1060 2515 1109 2554 18,
1122 2516 1173 2546 De
1196 2515 1392 2552 Virtutibus,
1410 2514 1495 2554 Cap.
1512 2512 1559 2543 iii.

144 2568 200 2589 nn.
223 2566 383 2598 399—402.

191 2601 203 2621 2
223 2602 297 2632 Vid.
317 2607 428 2640 antea,
449 2613 479 2632 ιι.
499 2609 576 2642 390.
