1716 2729
158 72 213 111 24
737 62 964 101 Tractatus
1365 59 1558 114 [(ΪτΠΙῐγ,7

156 181 303 214 tamen
338 175 523 215 intentio
553 173 648 228 jam
684 188 773 215 non
810 175 962 216 existit
997 188 1135 229 quum
1169 174 1350 215 effectus
1379 174 1407 214 ii
1442 188 1540 227 pro-

158 240 402 282 ducuntur.¹

213 319 276 360 73.
313 308 429 348 Huic
443 314 592 349 tamen
607 309 914 359 sententiae‚et
929 309 1173 362 quidem‚ut
1187 309 1368 358 videtur,
1378 310 1546 359 merito,

158 375 285 428 objici
309 375 430 426 solet,
454 377 572 429 quod
596 377 789 417 actiones
811 390 935 430 quae,
958 391 1038 430 v.g.
1061 378 1104 417 in
1128 378 1266 418 Missa
1283 377 1547 418 celebranda

157 449 231 483 aut
254 444 295 482 in
319 444 603 484 sacramentis
624 445 994 494 administrandis,
1016 458 1074 485 ex
1094 445 1341 485 voluntario
1374 444 1545 486 virtuali

158 510 278 559 fiunt,
312 512 440 551 nimis
474 512 723 565 disparatae
759 518 861 553 sunt
897 519 945 552 ut
975 513 1138 553 censeri
1174 513 1344 566 possint
1378 512 1467 553 fieri
1503 512 1545 552 vi

157 579 364 619 motionis
397 585 527 619 antea
559 580 768 633 potentiis
800 581 1063 633 impressae;
1096 594 1237 633 neque
1268 580 1402 620 ullam
1435 580 1550 636 inter

157 659 203 686 se
232 647 552 687 connexionem
581 647 810 700 physicam
841 648 1018 697 habent,
1054 647 1166 688 sicut
1201 647 1366 688 habent
1399 654 1545 702 partes

158 720 302 754 motus
325 714 493 767 lapidis,
520 721 654 768 atque
685 715 843 757 vulnus
874 717 993 770 quod
1025 715 1171 768 lapide
1202 715 1402 768 conjecto
1433 717 1543 758 infli-

156 783 295 835 gitur:
328 786 481 822 “nunc
511 789 640 832 stare,
673 796 789 824 nunc
820 783 1123 837 genuflectere,
1158 797 1272 823 nunc
1303 785 1545 826 extendere

158 864 271 890 nunc
308 850 491 903 jungere
533 864 699 900 manus,
735 864 853 891 nunc
887 851 977 891 alte
1013 864 1127 891 nunc
1159 851 1376 892 submisse
1410 866 1545 903 orare,

157 932 271 958 nunc
293 918 378 958 huc
400 932 515 958 nunc
538 918 640 958 illuc
662 919 734 968 ire,
754 932 869 959 nunc
892 919 1071 960 calicem
1101 925 1249 971 tegere
1280 933 1394 960 nunc
1425 921 1545 961 dete-

159 1000 270 1039 gere,
309 1000 424 1027 nunc
463 986 653 1026 hostiam
695 986 863 1027 elevare
901 1000 1016 1027 nunc
1051 986 1262 1039 frangere,
1303 993 1400 1038 etc.,
1440 995 1542 1029 sunt

159 1055 353 1094 actiones
404 1054 532 1094 nimis
584 1054 843 1105 dissimiles;
895 1068 1037 1108 neque
1087 1061 1272 1108 possunt
1321 1056 1545 1108 potentiae

159 1128 369 1161 externae
429 1152 439 1162 .
499 1154 506 1161 .
569 1135 642 1161 eas
672 1122 766 1162 sine
796 1135 912 1162 nova
941 1123 1310 1163 determinatione
1341 1124 1403 1163 ita
1431 1124 1545 1164 ordi-

162 1196 264 1229 nate
286 1187 582 1242 proclucere.’'2

217 1267 282 1308 74.
317 1257 511 1297 Secunda
547 1257 680 1310 igitur
712 1257 941 1306 sententia,
973 1263 1147 1310 praeter
1175 1258 1363 1309 priorem
1394 1259 1545 1298 volun-

159 1327 262 1366 tatis
284 1331 442 1375 actum,
466 1332 599 1378 atque
619 1325 837 1366 influxum
861 1326 1070 1378 potentiis
1092 1326 1384 1366 exterioribus
1407 1326 1463 1367 ab
1491 1341 1544 1367 eo

162 1395 435 1446 impressum,
456 1394 643 1447 insuper,
664 1398 774 1446 quot
801 1399 905 1433 sunt
932 1393 1130 1445 singulae
1163 1394 1367 1443 actiones,
1388 1395 1545 1435 saltem

160 1462 418 1513 disparatae,
442 1467 490 1501 ut
513 1461 555 1500 in
577 1460 795 1513 exemplis
817 1474 859 1501 n.
884 1471 952 1512 73.
974 1461 1157 1508 traditis,
1180 1467 1246 1501 tot
1268 1462 1408 1514 exigit
1422 1475 1545 1514 prae-

161 1536 304 1569 sentes
345 1535 479 1577 actus,
521 1529 587 1569 sin
629 1529 773 1569 minus
811 1528 1063 1577 voluntatis,
1114 1528 1270 1568 saltem
1321 1529 1545 1582 appetitus

161 1596 363 1636 sensitivi.
429 1596 558 1635 Hanc
579 1595 843 1636 sententiam
861 1601 1141 1648 propugnant
1163 1609 1245 1648 v.g.
1268 1595 1546 1637 Haunoldus³

162 1670 204 1702 et
228 1663 280 1702 Α.
306 1662 465 1715 Mayrff

223 1740 286 1781 75.
322 1731 494 1771 Deinde
516 1732 559 1770 in
583 1731 710 1770 tertia
731 1730 959 1779 sententia,
980 1743 1113 1783 quam
1139 1729 1273 1770 tradit
1290 1730 1360 1770 De
1389 1731 1545 1784 Lug0,⁵

163 1800 303 1839 virtus
331 1799 387 1839 de
407 1813 494 1851 qua
516 1799 660 1852 agitur
680 1801 701 1818 “
718 1798 824 1838 nihil
845 1798 962 1839 aliud
985 1804 1051 1838 est
1072 1811 1205 1851 quarn
1228 1798 1425 1838 voluntas
1453 1813 1544 1840 con-

158 1867 274 1916 fusa,
294 1873 334 1906 et
353 1866 500 1915 tenuis,
522 1879 610 1919 qua
635 1878 751 1906 nunc
779 1865 980 1906 volumus
1016 1879 1100 1918 v.g.
1138 1865 1368 1905 verborum
1403 1866 1544 1918 prola-

163 1933 339 1982 tionem,
388 1933 614 1974 referendo
663 1932 783 1972 illam
840 1932 1018 1972 confuse
1073 1932 1128 1972 ad
1196 1931 1328 1972 finem
1392 1934 1545 1986 prioris

165 2001 415 2050 voluntatis,
437 2001 568 2053 quod,
589 2000 691 2053 quia
718 1999 898 2040 confuse
920 2007 962 2040 et
985 2000 1384 2053 imperceptibiliter
1397 1999 1456 2049 fit,
1469 2001 1546 2041 vix

165 2068 299 2108 ullam
322 2068 464 2121 exigit
485 2067 788 2117 attentionem,
810 2080 889 2108 nec
917 2080 1150 2119 possumus
1181 2066 1294 2106 illius
1331 2067 1543 2108 rationem

164 2136 344 2175 reddere
408 2135 520 2175 sicut
559 2147 640 2175 nec
676 2134 867 2174 musicus
909 2135 1073 2186 peritus
1112 2134 1338 2187 experitur
1376 2135 1547 2177 actuale

206 2262 214 2281 ¹
230 2261 282 2291 Ita
298 2261 447 2301 Arriaga,
466 2260 553 2301 apud
569 2261 611 2290 A.
629 2260 736 2299 Mayr,
761 2260 866 2290 Theol.
887 2260 1056 2297 scholast„
1074 2259 1184 2290 Tract.
1201 2268 1240 2291 10
1269 2261 1367 2301 Disp.
1383 2261 1404 2291 i.
1421 2271 1455 2292 n.
1472 2269 1544 2301 107.

206 2305 272 2334 2A.
292 2305 398 2344 Mayr,
424 2303 524 2333 Yheol.
548 2302 756 2338 Scholastica,
775 2303 888 2333 Tract.
907 2314 938 2332 x.
957 2313 989 2333 n.
1011 2301 1082 2333 108.
1117 2302 1194 2333 Vid.
1212 2302 1311 2333 etiam
1333 2304 1544 2343 Haunoldus,

171 2347 276 2377 Jheol.
295 2347 507 2387 Speculativa,
524 2345 600 2376 Lib.
616 2354 650 2384 4.
669 2346 781 2376 Tract.
797 2345 832 2376 iit
849 2355 883 2375 n.
901 2344 977 2376 686.

206 2391 218 2409 ³
232 2389 318 2420 Ibirl.
339 2400 394 2419 nn.
414 2388 488 2428 689.
507 2394 538 2419 et
555 2398 623 2429 seq.

205 2433 218 2452 ⁴
232 2433 319 2462 Ibid.

205 2476 217 2494 ⁵
238 2476 343 2505 Tract.
361 2475 399 2505 de
411 2475 505 2505 Sacr.
524 2473 561 2504 in
582 2473 705 2510 Genere,
723 2474 820 2513 Disp.
840 2472 871 2504 8.
886 2479 966 2504 sect.
985 2483 1016 2503 v.
1036 2483 1093 2503 nn.
1113 2472 1239 2513 75-89;
1260 2474 1369 2505 Yract.
1385 2476 1422 2504 de
1433 2475 1546 2505 Poeni-

162 2519 272 2555 tentia,
293 2518 389 2557 Disp.
410 2523 439 2556 7.
459 2521 538 2547 sect.
556 2516 600 2546 iv.
619 2526 654 2547 n.
672 2524 726 2555 40.
