1716 2729
138 111 179 138 n.
205 96 285 151 13.]
552 97 604 138 de
621 96 803 138 Actibus
824 97 1064 139 Humanis.
1489 115 1547 157 99

137 214 256 267 quod
288 214 386 267 quis
419 213 743 266 praetermittat
774 213 985 254 adhibere
1018 216 1165 255 media
1205 218 1439 259 scientiam
1474 233 1544 260 ac-

136 282 351 335 quirendi,
383 295 471 321 non
511 280 670 321 sufficit
704 282 983 322 advertentia
1030 284 1220 336 cujusvis
1260 287 1542 340 obligationis

135 351 378 392 adhibendi
411 350 583 390 media:
627 350 863 402 requiritur
894 352 1011 391 enim
1054 353 1331 395 advertentia
1376 357 1544 410 obliga-

133 419 267 460 tionis
299 418 540 459 adhibendi
577 432 628 458 ea
662 425 871 470 quatenns
902 426 1007 460 sunt
1042 421 1183 462 media
1219 423 1275 463 ad
1313 425 1543 466 scientiam

132 487 249 528 illius
265 487 324 527 rei
347 487 675 539 acquirendam.
741 487 839 527 Etsi
862 489 978 528 enim
1002 489 1100 542 quis
1122 497 1276 543 peccat
1293 493 1543 535 omittendo

132 556 176 596 id
194 555 334 596 facere
355 555 475 608 quod
493 554 636 595 facere
658 561 846 606 tenetur,
871 570 961 597 non
988 558 1089 598 ideo
1112 565 1263 600 tamen
1293 561 1541 603 voluntaria

132 625 296 666 censeri
314 629 476 677 potest,
498 637 642 676 neque
662 624 705 664 in
720 624 898 678 culpam
922 626 1144 680 imputari,
1162 628 1412 682 ignorantia
1429 645 1544 684 quae

131 707 189 734 ex
221 693 459 733 omissione
490 693 726 746 provenit:
778 708 912 747 supra
963 695 1079 736 enim
1111 698 1171 745 (n.
1210 700 1318 750 112.)
1352 699 1544 742 vidimus

130 762 312 802 omnino
334 761 628 802 necessarium
661 776 756 802 esse
788 769 837 803 ut
869 763 1063 813 effectus,
1087 765 1245 806 saltem
1279 767 1322 807 in
1345 768 1543 819 conquO,

128 831 448 883 praevideatur,
479 831 570 870 sive
602 843 736 871 causa
779 844 838 870 ex
884 845 931 872 se
973 831 1093 872 licita
1137 840 1203 874 est
1245 835 1336 876 sive
1378 836 1540 878 illicita.

131 899 301 953 Itaque,
333 905 380 939 ut
427 899 489 939 ait
542 897 804 948 Suaresius,1
832 898 951 939 aliud
997 907 1063 940 est
1106 902 1403 955 ignorantiam
1447 919 1542 946 esse

125 967 383 1020 culpabilem,
408 966 526 1007 aliud
549 979 653 1006 vero
675 980 771 1007 esse
782 975 864 1020 per
883 968 1052 1020 culpam
1072 976 1344 1014 contractam.
1407 973 1540 1027 Quod

126 1036 189 1076 sic
210 1036 417 1077 illustrari
440 1035 553 1076 solet
569 1033 603 1075 :²
625 1036 660 1076 si
683 1036 754 1076 die
789 1036 904 1076 festo
935 1037 1097 1078 accidit
1129 1038 1275 1092 legem
1299 1040 1345 1081 in
1368 1042 1538 1096 templo

125 1105 408 1158 promulgari,
441 1113 486 1145 et
537 1105 759 1158 quispiam
813 1105 1093 1159 culpabiliter
1148 1121 1201 1148 eo
1263 1109 1334 1150 die
1390 1112 1540 1153 omisit

125 1174 312 1214 Missam
347 1173 511 1221 audire,
535 1174 604 1213 cui
643 1175 679 1213 si
721 1173 1004 1225 interfuisset,
1026 1176 1224 1217 audisset
1258 1177 1404 1232 legem
1437 1194 1537 1233 pro-

125 1242 325 1296 mulgari,
348 1242 463 1282 illius
486 1242 738 1295 ignorantia
758 1242 890 1296 huJus
914 1243 1022 1297 legis
1046 1250 1113 1285 est
1134 1247 1318 1287 omnino
1341 1248 1537 1303 inculpa—

122 1310 235 1361 bilis,
259 1311 340 1352 etsi
361 1311 556 1361 omissio,
581 1324 639 1350 ex
662 1325 750 1364 qua
772 1318 919 1352 ortum
949 1312 1164 1365 habuerit,
1185 1323 1419 1370 peccatum
1442 1328 1536 1362 erat

122 1379 336 1419 mortale:
380 1379 483 1432 quia
515 1379 730 1432 obligatio
762 1381 970 1421 audiendi
1005 1382 1192 1424 Missam
1227 1399 1306 1426 nec
1339 1389 1537 1430 totaliter

122 1461 202 1487 nec
232 1447 478 1501 partialiter
514 1448 710 1488 nascitur
753 1463 811 1489 ex
854 1449 1130 1502 obligatione
1170 1453 1356 1507 alicujus
1394 1471 1534 1499 novae

121 1515 230 1568 legis
252 1517 616 1570 cognoscendae;
650 1530 793 1570 neque
815 1517 906 1558 ullo
939 1520 1074 1559 modo
1108 1523 1366 1574 praevidere
1387 1527 1535 1579 potuit

120 1584 418 1637 ignorantiam
440 1585 550 1638 legis
572 1599 630 1625 ex
652 1586 893 1627 omissione
915 1601 1011 1628 esse
1032 1589 1255 1631 orituram.

180 1661 275 1704 252.
310 1653 384 1694 Ex
406 1653 473 1693 his
503 1653 711 1693 omnibus
746 1660 871 1707 patet
902 1657 1158 1710 quempiam
1192 1673 1324 1713 posse
1358 1663 1532 1705 duobus

119 1722 263 1762 modis
284 1735 377 1762 rem
400 1722 714 1762 invincibiliter
746 1723 979 1776 ignorare:
1018 1727 1069 1774 1⁰,
1091 1740 1228 1780 quum
1253 1730 1375 1772 nullo
1398 1733 1532 1774 modo

119 1791 162 1830 in
199 1797 395 1831 mentem
431 1791 600 1831 venerit
632 1790 837 1833 dubitare
869 1800 947 1834 aut
980 1795 1177 1848 cogitare
1209 1798 1265 1839 de
1296 1802 1504 1853 opposito
1522 1818 1532 1854 ;

120 1864 164 1898 2⁰
184 1873 336 1913 quum,
375 1860 457 1900 etsi
499 1859 720 1913 ejusmodi
753 1862 968 1914 cogitatio
1020 1863 1064 1903 in
1117 1872 1314 1908 mentem
1351 1871 1532 1921 venerit,

116 1934 267 1968 tamen
290 1927 441 1969 debita
472 1927 704 1981 diligentia
738 1929 950 1980 adhibita,
973 1931 1225 1984 ignorantia
1256 1935 1418 1990 depelli
1441 1952 1530 1979 non

117 1996 269 2050 possit.
352 1997 420 2037 Ita
454 1990 727 2046 Suaresiusff
750 1996 1015 2051 Laymann‚4
1049 2006 1093 2040 et
1144 2002 1215 2042 alii
1267 2003 1372 2044 AA.
1410 2019 1529 2046 com-

117 2064 320 2105 muniter.

176 2142 273 2185 253.
305 2132 497 2186 QUAER.
523 2135 568 2174 2⁰
588 2134 665 2174 Αιι
676 2134 789 2188 fieri
810 2135 947 2187 possit
968 2143 1017 2176 ut
1047 2137 1311 2191 zjgnorantz‘a,
1337 2155 1444 2194 quae
1473 2143 1527 2184 ab

116 2201 241 2241 initio
262 2201 493 2254 culpabilis
521 2202 678 2254 fuerit,
688 2209 838 2255 postea
859 2205 1018 2245 evadat
1037 2206 1317 2261 inculpabilis
1334 2213 1351 2250 ?

175 2279 270 2322 254.
306 2270 444 2310 RESP.
476 2270 767 2324 Affirmatz‘ve.
842 2272 948 2314 Tria
999 2275 1116 2316 enim
1169 2285 1283 2327 sunt,
1334 2292 1374 2319 n.
1430 2291 1524 2333 243.

287 2422 296 2437 ¹
321 2422 376 2453 ἵν.
392 2428 430 2452 ae
452 2422 658 2461 Voluntarz'o,
678 2424 777 2465 Disp.
794 2434 828 2464 4.
846 2431 928 2457 sect.
946 2427 970 2457 i.
990 2438 1023 2459 n.
1045 2436 1095 2460 12.

286 2465 299 2485 2
315 2464 395 2496 Vid.
412 2476 481 2506 v.g.
495 2466 654 2505 Sanchez,
673 2468 718 2498 In
733 2468 860 2504 Decal„
881 2470 953 2501 Lib.
978 2479 1004 2502 Ι.
1021 2482 1096 2512 cap.
1116 2473 1182 2503 xvi.
1201 2483 1235 2504 n.
1254 2482 1308 2514 31.

285 2508 298 2527 3
320 2509 426 2540 Tracl.
443 2509 482 2539 de
503 2509 708 2549 Voluntaria,
727 2512 825 2553 Disp.
844 2522 875 2552 4.
896 2519 975 2545 sect.
991 2514 1014 2545 i.
1033 2526 1066 2546 n.
1086 2523 1142 2546 20.

284 2552 296 2572 ⁴
314 2552 390 2584 Lib.
412 2561 440 2583 1.
459 2558 554 2584 tract.
572 2553 608 2584 ii.
626 2564 699 2595 cap.
715 2554 760 2585 iv.
779 2565 813 2586 n.
830 2564 865 2594 4.
