1716 2729
161 90 177 118 1
185 77 243 119 66
747 77 789 117 T
785 83 979 118 metatus
1392 76 1570 128 [GURY‚

155 208 289 235 omne
311 192 497 234 exhibet
528 195 647 247 quod
669 200 792 235 vetat
824 194 898 234 lex
932 193 1157 242 naturalis,
1180 194 1379 246 illudque
1410 193 1569 236 solum.

157 264 247 305 Sed
270 263 404 304 verba
442 263 604 316 quibus
641 263 804 304 limites
842 263 1153 316 prohibitionis
1191 263 1443 303 indicantur
1464 269 1568 304 sunt

153 335 216 374 ita
237 334 461 387 generalia
483 340 526 374 et
554 347 669 387 vaga
704 340 752 374 ut
787 339 931 373 totam
969 333 1222 386 relinquant
1258 332 1566 373 difficultatem

152 404 196 443 in
236 403 517 456 assignandis
554 403 729 442 casibus
768 400 1106 454 particularibus
1141 415 1221 455 pro
1263 401 1425 454 quibus
1466 415 1567 454 pro-

153 471 314 512 hibitio
336 484 424 511 non
449 471 604 511 existit
665 501 674 510 .

209 549 306 593 454.
339 543 360 560 “
378 539 571 580 Secunda
605 545 755 580 autem
789 539 979 580 formula
1010 552 1066 579 ne
1096 538 1363 592 generaliter
1384 539 1565 592 quidem

153 611 321 651 indicat
354 610 517 650 limites
550 611 667 650 intra
698 622 810 662 quos
842 615 994 649 tamen
1026 608 1268 662 prohibitio
1300 614 1367 649 est
1388 608 1565 648 restrin-

150 680 299 732 genda
336 685 384 720 ut
421 692 524 719 vera
565 679 622 718 sit
665 684 709 719 et
751 677 838 730 legi
882 678 1071 718 naturali
1113 677 1366 718 conformis.
1429 677 1565 718 Unde

149 762 331 789 necesse
367 754 434 788 est
469 754 518 788 ut
556 747 628 788 ille
661 747 736 800 qui
775 761 878 788 usus
913 754 982 788 est
1018 747 1102 787 hac
1136 746 1323 786 formula
1355 747 1565 787 emendet

149 823 308 871 postea
368 818 488 870 quod
546 816 838 857 universalius
890 817 1019 866 dixit,
1072 817 1304 868 variasque
1365 822 1564 869 apponat

150 885 439 940 exceptiones
491 899 597 926 suae
649 885 954 939 propositioni.
1018 885 1112 925 Nec
1155 885 1326 924 mirum.
1391 884 1562 925 Malam

148 955 460 1008 pronunciavit
492 955 716 995 actionem
749 968 864 1007 quae
897 968 985 994 non
1018 961 1085 995 est
1116 954 1354 995 intrinsece
1377 952 1497 994 mala
1518 958 1563 993 et

144 1024 242 1077 jure
280 1024 471 1065 naturali
509 1023 750 1077 prohibita,
791 1023 869 1063 sed
907 1024 1055 1077 potius
1093 1023 1360 1073 indifferens,
1397 1029 1445 1063 ut
1481 1035 1562 1076 pro

147 1093 491 1135 circumstantiis
529 1094 585 1132 sit
622 1092 741 1132 bona
762 1092 830 1133 vel
869 1092 1014 1133 mala:
1048 1105 1183 1145 quam
1206 1091 1370 1131 malam
1393 1090 1563 1143 simpli-

146 1163 256 1203 citer
284 1163 441 1212 dicere,
464 1162 564 1202 ideo
601 1167 776 1202 tantum
815 1162 1033 1215 permittit
1070 1175 1174 1201 usus
1209 1160 1420 1213 loquendi
1457 1160 1562 1213 quia

133 1232 390 1285 plerumque
430 1231 547 1272 mala
584 1237 665 1274 est.
730 1231 853 1271 Dum
887 1231 1021 1285 igitur
1049 1237 1206 1284 postea
1239 1230 1481 1283 investigat
1517 1236 1561 1270 et

144 1300 332 1354 exponit
368 1314 525 1341 causas
562 1313 676 1353 quae
712 1300 879 1340 licitam
917 1299 1111 1340 reddunt
1141 1299 1379 1349 actionem,
1398 1312 1562 1352 excep-

142 1371 287 1411 tiones
323 1370 477 1423 adjicit
516 1383 618 1410 suae
646 1369 883 1421 formulae,
919 1383 1008 1409 non
1044 1368 1140 1421 legi,
1173 1368 1384 1408 emendat
1415 1367 1557 1420 legem

143 1438 332 1491 qualiter
352 1452 444 1479 eam
466 1437 656 1478 humane
678 1452 794 1478 more
815 1438 1029 1491 expressit,
1051 1451 1138 1477 non
1162 1436 1307 1490 legem
1340 1436 1483 1489 qualis
1514 1436 1560 1476 ἐκ

143 1521 188 1547 se
207 1506 354 1547 existit
413 1537 422 1547 .

201 1587 298 1631 455.
332 1578 591 1620 “Omnium
634 1592 748 1631 quae
790 1579 845 1618 de
887 1578 1124 1618 intrinseca
1165 1583 1346 1618 actuum
1389 1576 1561 1617 malitia

143 1649 354 1694 diximus
375 1648 484 1689 haec
516 1649 571 1688 sit
594 1648 752 1688 ultima
772 1648 998 1688 conclusio
1057 1677 1068 1688 .
1131 1677 1141 1688 .
1206 1645 1436 1699 Quidquid
1462 1660 1561 1687 vere

146 1722 321 1757 vetatur
350 1723 434 1769 per
465 1716 595 1769 legem
632 1717 878 1757 naturalem
915 1717 962 1756 in
994 1730 1037 1757 se
1071 1722 1302 1769 spectatam-
1332 1716 1561 1757 intrinsece

145 1785 314 1826 malum
335 1791 406 1825 est.
459 1785 799 1826 Tantummodo
822 1785 1025 1838 quaestio
1049 1786 1214 1826 moveri
1237 1791 1385 1838 potest
1408 1792 1556 1826 utrum

143 1855 259 1895 inter
282 1854 511 1905 formulas
546 1854 700 1894 breves
734 1860 779 1894 et
814 1854 1125 1904 sententiosas,
1160 1854 1322 1907 quibus
1362 1855 1558 1909 prohibi-

143 1925 288 1965 tiones
312 1925 421 1977 legis
447 1924 659 1964 naturalis
684 1925 935 1978 exprimere
957 1924 1163 1974 solemus,
1198 1922 1299 1979 [vg.
1325 1938 1380 1965 ne
1411 1925 1557 1965 oderis

143 1993 307 2042 Deum,
331 2006 386 2032 ne
426 1992 668 2042 mentiaris,
695 2006 750 2032 ne
786 1992 1026 2041 forniceris,
1050 2007 1104 2033 ne
1126 1994 1310 2033 occidas
1337 2007 1391 2034 ne
1414 1994 1559 2047 rapias

142 2063 263 2104 bona
296 2061 510 2115 alterius],
543 2062 631 2101 sint
668 2063 890 2115 quaedam
928 2075 1041 2115 quae
1076 2063 1344 2116 incomplete
1381 2070 1557 2104 tantum

142 2131 489 2186 prohibitionem
526 2131 787 2181 naturalem,
830 2138 962 2184 prout
1004 2138 1071 2172 est
1113 2132 1157 2171 in
1199 2145 1260 2182 se,
1299 2132 1559 2182 exhibeant,

143 2204 366 2256 quaedam
398 2202 584 2256 proinde
616 2214 730 2253 quae
765 2202 1021 2255 exprimant
1053 2208 1178 2243 actus
1200 2202 1485 2244 solummodo
1507 2209 1556 2244 ut

142 2275 383 2328 plurimum
408 2270 603 2314 malos.’‘1

187 2487 358 2527 ¹Laloux,
396 2488 500 2519 Tract.
531 2487 569 2518 de
596 2487 734 2518 Actibus
763 2489 950 2526 Humanis,
986 2488 1076 2520 Diss.
1108 2496 1136 2528 7.
1164 2494 1246 2521 sect.
1270 2498 1299 2522 1.
1346 2490 1400 2521 De
1431 2490 1552 2522 eodem

140 2537 337 2573 argumento
353 2532 421 2563 vid.
441 2532 573 2571 Suarez,
601 2532 705 2563 Tract.
723 2532 759 2562 de
774 2532 922 2573 Legibus,
943 2532 1017 2564 Lib.
1037 2532 1072 2563 ii.
1089 2543 1165 2574 cap.
1186 2534 1235 2564 16.
