1716 2729
191 92 207 122 Ι
213 84 268 134 76
785 81 826 122 T
823 88 1021 122 metatus
1426 81 1607 136 [GURY,

191 199 289 239 fine.
354 199 426 239 De
447 212 537 252 quo
559 198 622 239 ait
645 198 688 240 S.
713 199 912 239 Thomas
931 196 1038 239 :¹—“
1053 198 1272 239 Actiones
1296 198 1519 239 humanae
1552 229 1560 238 .
1595 231 1602 238 .

189 267 359 308 habent
400 268 618 308 rationem
660 268 875 308 bonitatis
918 282 976 308 ex
1018 267 1104 308 fine
1145 281 1171 308 a
1207 281 1296 320 quo
1333 268 1606 320 dependent,

189 342 365 390 praeter
404 336 653 376 bonitatem
696 336 950 377 absolutam
991 350 1105 389 quae
1146 336 1190 376 in
1241 336 1303 376 eis
1356 334 1606 376 existit.’'—

192 408 404 460 Ideoque,
446 414 495 448 ut
538 413 675 460 patet,
720 408 828 448 nihil
871 408 1023 449 obstat
1063 408 1303 462 quominus
1345 407 1516 461 duplex
1552 421 1605 448 ea

159 513 162 516 ⁴
193 476 403 517 honestas
441 478 590 528 agenti
627 476 860 527 tribuatur,
895 478 1154 526 dummodo,
1197 478 1443 530 seeundum
1485 477 1607 517 dicta

193 560 233 588 n.
279 555 376 598 397.
411 559 526 598 quae
563 544 634 585 hic
672 545 810 586 fusius
855 552 958 586 sunt
1000 547 1284 600 exponenda,
1321 546 1603 586 honestatem

191 615 327 656 medii
350 614 501 668 aliquo
525 613 661 654 modo
683 614 838 654 directe
858 621 1056 667 appetat.

246 697 344 737 494.
377 685 455 726 Ab
490 684 573 724 hac
610 690 760 724 tamen
786 685 878 726 TT.
903 685 1106 726 doctrina
1128 686 1291 726 recedit
1315 685 1608 738 Vasquesius,

189 757 278 809 qui,
323 769 491 808 negans
533 754 814 795 honestatem
865 755 1012 805 medii,
1054 762 1266 808 quatenus
1304 755 1493 795 medinm
1533 754 1606 803 sz't,

189 825 340 878 agenti
363 824 497 865 tribui
520 837 664 876 posse,
689 825 866 865 unicam
900 824 944 863 in
977 823 1198 876 ejusmodi
1230 831 1331 865 actu
1354 825 1601 865 bonitatem

189 894 482 947 subjectivam
506 907 582 933 seu
606 893 838 933 formalem
862 893 1078 946 agnoscit,
1102 907 1200 934 eam
1225 907 1387 947 nempe
1409 907 1524 947 quae
1546 906 1605 933 ex

188 963 277 1003 fine
301 962 589 1003 desumatur.²
651 961 740 1015 Qui
764 963 821 1002 ad
843 976 970 1003 suam
1002 963 1269 1003 sententiam
1293 963 1608 1003 demonstran-

189 1034 294 1073 dam
337 1037 676 1084 argumentatur
717 1045 775 1071 ex
818 1045 871 1071 eo
904 1032 1025 1084 quod
1062 1031 1272 1072 honestas
1314 1045 1390 1072 seu
1428 1031 1606 1072 bonitas

189 1114 342 1142 eorum
376 1113 490 1153 quae
523 1099 792 1140 adhibentur
812 1099 958 1140 solum
990 1106 1039 1140 ut
1062 1101 1210 1140 media
1242 1100 1297 1140 ad
1333 1099 1465 1140 finem
1489 1112 1605 1140 asse-

189 1171 416 1224 quendum
454 1183 542 1209 non
578 1176 645 1210 est
680 1169 838 1209 directe
870 1168 1036 1219 volita;
1067 1182 1211 1221 neque
1250 1169 1369 1209 enim
1407 1168 1605 1208 medium

189 1240 361 1280 ratione
383 1239 449 1279 sui
473 1238 710 1291 appetitur,
732 1238 809 1277 sed
844 1243 1021 1277 tantum
1054 1238 1224 1277 ratione
1262 1237 1360 1277 finis
1393 1237 1448 1277 ad
1471 1249 1606 1290 quem

189 1310 446 1359 ordinatur;
487 1309 678 1361 ideoque
711 1321 770 1348 ex
804 1307 1023 1360 principio
1058 1321 1097 1347 n.
1135 1317 1229 1359 397.
1267 1307 1433 1348 tradito
1475 1305 1607 1346 infert

189 1392 287 1418 eam
313 1378 454 1418 solam
478 1377 724 1417 bonitatem
750 1376 900 1429 agenti
923 1376 1208 1416 tribuendam
1231 1389 1327 1416 esse
1349 1388 1464 1428 quae
1487 1374 1605 1415 actui

190 1461 248 1487 ex
271 1447 358 1487 fine
381 1446 629 1488 conveniat.

247 1525 344 1568 495.
380 1515 554 1569 Quibus
589 1515 695 1555 satis
728 1514 1027 1554 communiter
1063 1513 1337 1566 respondent
1371 1512 1465 1552 TT.
1492 1510 1601 1551 nihil

190 1585 368 1626 obstare
405 1584 644 1637 quominus
678 1596 816 1636 agens
850 1582 1134 1622 honestatem
1166 1587 1353 1635 appetat
1374 1587 1469 1621 tum
1493 1580 1607 1628 finis,

189 1660 286 1695 turn
329 1654 495 1702 medii3
529 1652 642 1693 sicut
683 1665 764 1705 v.g.
806 1651 849 1690 in
904 1650 1116 1703 exemplo
1164 1649 1313 1699 allato,
1365 1661 1504 1701 quum
1557 1647 1605 1687 fit

191 1724 476 1776 eleemosyna
507 1713 562 1762 ad
597 1722 959 1762 satisfaciendum
993 1734 1072 1774 pro
1094 1721 1303 1774 peccatis,
1326 1720 1433 1760 nihil
1455 1720 1605 1760 obstat

191 1792 430 1846 quominus
474 1792 760 1844 eleemosyna
805 1796 1045 1844 appetatur
1096 1803 1184 1830 non
1237 1790 1381 1830 solum
1434 1789 1606 1829 ratione

191 1864 506 1919 poenitentiae,
529 1862 606 1902 sed
630 1861 764 1902 etiam
781 1861 952 1900 ratione
970 1860 1036 1900 sui
1055 1866 1098 1901 et
1120 1860 1325 1913 propriae
1346 1859 1606 1900 honestatis.

192 1934 321 1988 Quae
358 1940 405 1973 ut
442 1931 615 1985 plenius
638 1926 953 1983 exponantur,3
975 1929 1329 1970 animadvertere
1350 1928 1494 1968 solent
1516 1941 1606 1968 non

192 2015 372 2044 omnem
406 1999 539 2041 finem
562 2013 657 2040 esse
679 1998 900 2047 ultimum,
922 1999 999 2039 sed
1033 2011 1129 2038 esse
1161 1996 1270 2037 fines
1302 1994 1607 2037 intermedios4

238 2166 249 2186 ²
275 2168 429 2204 Summa,
453 2174 479 2197 1.
497 2173 528 2196 2.
548 2164 686 2205 Quaest.
705 2163 756 2195 18.
773 2168 836 2195 art.
853 2173 885 2203 4.

238 2211 251 2231 2
275 2211 441 2251 vasquez,
472 2209 514 2239 In
543 2217 570 2239 1.
599 2217 631 2238 2.
663 2208 696 2239 S.
725 2208 890 2245 Thomae,
914 2207 1008 2248 Disp.
1028 2213 1079 2248 51.
1100 2217 1132 2238 n.
1153 2215 1202 2237 12.
1251 2207 1502 2249 “Vasquesius,
1522 2205 1538 2219 '’
1561 2206 1607 2237 ait

196 2255 309 2287 Gonet
337 2254 462 2294 (Tract.
499 2261 527 2292 3.
557 2252 608 2282 De
635 2252 830 2282 Moralitate
846 2255 992 2282 Actuum
1018 2250 1269 2288 Humanorum,
1297 2250 1392 2292 Disp.
1418 2260 1450 2290 4.
1474 2261 1506 2281 n.
1525 2253 1607 2290 37.),

196 2302 214 2315 “
228 2299 261 2330 in
280 2309 373 2329 suam
390 2295 590 2328 sententiam
606 2295 799 2337 pertrahere
814 2300 952 2326 conatur
969 2295 1214 2325 Ferrariensern
1232 2299 1264 2325 et
1287 2295 1416 2335 aliquos
1432 2304 1472 2325 ex
1489 2294 1607 2325 Nomi-

195 2342 339 2379 nalibus,
374 2351 457 2382 quos
488 2345 600 2371 tamen
634 2339 917 2370 Salmanticenses
949 2343 981 2369 et
1013 2338 1071 2368 alii
1102 2338 1253 2369 moderni
1284 2338 1327 2368 ab
1354 2338 1417 2369 hac
1448 2337 1607 2379 opinione

194 2386 380 2417 vindicant.
441 2383 541 2415 Unde
572 2382 626 2413 vix
654 2389 702 2414 est
734 2383 791 2424 qui
823 2381 1013 2422 praedictae
1045 2381 1232 2412 subscribat
1263 2381 1446 2413 sententiae
1476 2386 1608 2422 praeter

195 2429 430 2470 Vasquesium,
456 2427 507 2458 cui
529 2426 668 2468 proinde
698 2425 852 2467 adaptari
882 2430 993 2467 potest
1017 2425 1100 2456 illud
1135 2426 1260 2482 stenes.
1286 2426 1352 2457 xvi.
1385 2434 1437 2456 12.
1466 2425 1607 2455 ‘Manus

196 2473 267 2504 e'us
284 2478 399 2503 contra
416 2481 544 2508 omnes,
564 2475 596 2502 et
612 2481 729 2501 manus
746 2469 896 2501 omnium
912 2474 1029 2500 contra
1045 2479 1131 2500 eum.

212 2484 252 2534 J3
276 2516 355 2546 Vid.
370 2525 438 2555 v.g.
458 2514 610 2545 Billuart.
632 2515 740 2545 Tract-
767 2513 804 2543 de
825 2514 899 2544 Act.
917 2513 1102 2551 Humanis,
1123 2513 1213 2545 Diss.
1232 2523 1265 2552 4.
1284 2518 1344 2545 art.
1361 2512 1403 2545 iv.
1425 2516 1503 2544 sect.
1524 2520 1550 2542 1.

240 2560 251 2579 4
269 2560 347 2590 Vid.
365 2563 473 2599 antea,
490 2569 523 2589 n.
542 2564 617 2597 477.
