1716 2729
75 72 114 99 n.
135 58 196 112 9.]
544 58 594 98 de
613 57 793 98 Actibus
814 57 1050 98 Humanis„
1419 61 1466 101 61

73 174 203 223 enim,
225 180 273 214 ut
309 174 370 214 ait
407 173 475 213 De
511 171 678 225 Lug0,1
711 172 940 212 “medium
973 173 1129 225 ipsum,
1151 173 1250 215 licet
1282 189 1368 216 non
1404 177 1465 215 in-

74 240 328 282 intendatur
363 241 519 281 ultimo
555 253 581 280 a
615 239 843 280 voluntate
875 240 1058 280 sistente
1096 241 1137 280 in
1174 241 1281 294 ipso,
1305 243 1467 284 directe

74 315 224 351 tamen
264 311 439 364 eligitur
474 315 517 349 et
559 315 743 355 amatur,
767 315 810 348 et
851 308 1000 361 aliquo
1042 309 1176 349 modo
1214 310 1467 359 intenditur,

74 387 252 434 propter
303 381 538 421 utilitatem
581 385 624 419 et
665 380 1004 420 conducentiam
1057 394 1190 433 quam
1234 380 1368 421 habet
1413 384 1468 423 ad

78 449 211 489 finem
245 448 401 489 ultimo
435 445 657 495 volitum‚''
681 447 781 487 ideo
817 447 958 500 plane,
983 449 1155 500 quoties
1186 447 1288 489 licet
1309 449 1468 489 effectu

76 516 193 557 malo
210 522 257 556 ut
275 516 422 556 medio
439 515 500 555 sic
522 515 597 563 uti,
615 514 717 555 licet
735 515 925 555 eundem
950 522 997 556 ut
1017 516 1212 556 medium
1228 516 1466 557 intendere.

137 584 225 624 161.
259 584 446 637 Insuper
466 589 554 623 tres
576 583 671 623 illas
704 584 980 624 conditiones
1013 585 1171 637 requiri
1194 585 1254 626 sic
1276 586 1470 625 ostendi-

72 659 157 693 tur.
220 652 474 705 Requiritur
510 655 549 691 1⁰
570 658 618 692 ut
647 666 776 692 cansa
807 652 864 692 sit
896 666 953 692 ex
986 665 1032 692 se
1064 652 1181 702 bona,
1204 659 1280 693 aut
1311 652 1469 693 saltem

77 719 335 772 indifferens,
357 726 401 760 et
423 720 523 760 ideo
545 719 663 759 licita
680 735 697 766 ‚·
733 734 834 760 nam
858 721 892 760 si
915 734 1058 769 causa,
1080 721 1214 761 etiam
1236 735 1294 761 ex
1316 735 1373 770 se,
1395 735 1468 761 seu

72 790 242 831 secluso
259 790 392 829 etiam
408 789 562 829 effectu
581 788 699 829 malo
720 795 936 838 secuturo,
951 789 1080 829 alicui
1098 789 1184 841 legi
1203 790 1468 838 adversatur,

71 873 130 899 ex
152 859 256 912 ipsis
277 857 421 898 verbis
443 863 567 910 patet
589 856 754 897 nullam
778 871 907 910 posse
929 857 1148 909 ejusmodi
1167 858 1469 910 quaestionem

71 925 185 966 oriri.
249 924 504 977 Requiritur
527 927 570 964 2⁰
590 930 639 965 ut
670 925 786 965 adsit
817 924 929 964 ratio
961 925 1122 978 agendi
1151 925 1470 977 proportionate

65 993 223 1046 gravis
235 1008 254 1041 ,·
286 993 381 1046 ipsa
412 993 527 1033 enim
560 992 773 1033 naturalis
805 993 1004 1050 aequitas
1037 993 1179 1046 exigit
1201 1000 1249 1034 ut
1270 993 1471 1034 homines

74 1060 191 1101 mala
226 1060 443 1112 ejusmodi
477 1061 628 1109 vitent,
665 1060 822 1101 saltem
867 1061 1040 1113 quoties
1089 1061 1131 1101 id
1177 1062 1270 1102 sine
1307 1062 1473 1103 damno

74 1129 405 1181 proportionate
425 1129 546 1182 gravi
569 1128 658 1168 fieri
681 1129 835 1181 possit.
899 1129 1154 1182 Requiritur
1177 1133 1220 1181 3⁰
1240 1136 1288 1170 ut
1309 1131 1474 1183 agentis

76 1196 252 1237 intentio
273 1211 360 1237 non
382 1197 438 1237 sit
462 1197 678 1237 inhonesta
692 1212 709 1244 ‚·
741 1212 842 1238 narn
876 1205 923 1239 ut
953 1213 1082 1252 supra
1116 1214 1155 1240 n.
1185 1202 1278 1252 158,
1298 1204 1472 1256 exposi-

74 1272 168 1306 tum
202 1273 279 1316 est,
300 1272 344 1306 et
374 1266 504 1307 latius
537 1266 648 1307 infra
677 1267 940 1316 videbimus,
963 1270 1077 1309 actio
1109 1272 1304 1323 quaevis,
1334 1286 1472 1325 quan-

82 1337 245 1376 tumvis
286 1336 330 1376 in
370 1350 416 1376 se
458 1335 575 1376 licita
617 1343 749 1389 atque
790 1337 987 1386 honesta,
1019 1340 1200 1379 omnino
1242 1341 1473 1382 inhonesta

74 1403 268 1452 efficitur,
301 1404 336 1443 si
382 1417 529 1456 agenS,
563 1404 605 1443 in
649 1418 700 1444 ea
741 1404 1018 1458 perficienda,
1073 1407 1353 1449 inhonestum
1395 1424 1470 1450 seu

76 1485 259 1524 pravum
282 1471 415 1511 finem
439 1472 521 1512 sibi
544 1472 764 1525 proponit.

137 1539 225 1579 162.
260 1539 491 1596 Hagen-us
542 1541 597 1580 de
648 1541 790 1594 priore
850 1548 975 1595 parte
1026 1545 1227 1597 principii
1283 1560 1321 1587 n.
1380 1555 1471 1598 155.

73 1609 301 1649 enuntiati.
363 1608 495 1661 Quod
527 1609 583 1648 ad
607 1608 790 1649 alteram
813 1609 907 1662 ejus
930 1617 1102 1663 partem
1126 1615 1300 1660 attinet,
1319 1614 1363 1654 in
1385 1629 1473 1668 qua

73 1677 184 1730 aliae
224 1677 338 1718 duae
378 1677 654 1736 conditiones
696 1672 988 1728 recensentur,
1021 1694 1072 1720 ea
1115 1683 1310 1734 quidem,
1346 1690 1394 1724 ut
1428 1684 1469 1723 in

74 1746 180 1799 ipsis
211 1745 353 1786 verbis
389 1745 590 1799 principii
626 1746 888 1796 declaratur,
910 1748 1200 1801 intelligenda
1238 1757 1304 1791 est
1334 1752 1389 1792 de
1421 1752 1472 1791 iis

73 1821 248 1855 tantum
296 1814 480 1863 casibus,
521 1828 593 1854 nn.
647 1824 738 1866 152,
785 1824 875 1867 153,
919 1818 1184 1867 memoratis,
1231 1819 1273 1859 in
1315 1821 1473 1873 quibus

76 1882 240 1923 malum
263 1888 514 1923 secuturum
537 1883 650 1923 adeo
679 1883 960 1925 inhonestum
990 1892 1055 1926 est
1077 1892 1125 1926 ut
1148 1887 1254 1927 nulli
1278 1902 1472 1941 unquam

75 1951 204 1991 liceat
225 1950 268 1990 in
290 1950 397 1991 illud
429 1951 687 1999 consentire,
711 1964 853 2005 neque
885 1959 933 1993 ut
964 1953 1096 1994 finem
1131 1957 1305 2008 agendi,
1330 1971 1472 2010 neque

75 2006 347 2059 utffidium
370 2019 671 2072 assequendae
703 2019 812 2060 alius
844 2021 904 2060 rei
936 2024 1221 2074 quantumvis
1252 2025 1396 2065 bonae
1428 2033 1472 2064 et

77 2087 302 2128 honestae.

139 2155 228 2205 163.
263 2154 557 2196 Consentiunt
581 2157 697 2196 enim
729 2170 884 2198 omnes
906 2158 1000 2200 TT.
1023 2160 1142 2202 haud
1178 2176 1319 2214 pauca
1342 2176 1398 2202 ex
1421 2163 1472 2201 iis

74 2237 188 2277 quae
223 2223 285 2262 sic
316 2223 630 2275 prohibeantur
650 2224 868 2276 ejusmodi
900 2241 995 2268 esse
1026 2235 1074 2269 ut
1106 2230 1219 2271 ratio
1250 2231 1307 2271 ob
1338 2243 1469 2282 quarn

75 2290 392 2345 prohibeantur
413 2304 467 2331 ne
488 2291 597 2332 fiant
617 2292 783 2341 directe,
806 2307 882 2334 seu
911 2308 969 2335 ex
992 2297 1141 2337 animo
1163 2303 1207 2338 et
1229 2298 1471 2338 intentione

75 2373 128 2399 ea
162 2357 390 2407 efficiendi,
412 2359 593 2400 minime
634 2363 788 2414 exigat
830 2369 877 2403 ut
918 2365 1237 2417 prohibeantur
1272 2381 1327 2406 ne
1363 2367 1472 2407 fiant

76 2429 285 2478 indirecte,
309 2425 384 2470 seu
423 2437 653 2483 quatenus,
689 2434 871 2475 omnino
911 2443 1083 2488 praeter
1123 2438 1293 2490 agentis
1330 2438 1469 2477 inten-

329 2531 342 2554 1
359 2531 411 2562 De
426 2532 576 2572 Jusu'tia
593 2537 622 2564 et
635 2534 739 2574 Jure,
760 2535 855 2577 Disp.
878 2544 926 2568 10.
946 2542 1024 2569 sect.
1037 2549 1069 2568 v.
1087 2548 1121 2568 n.
1147 2545 1216 2578 125.
