1716 2729
136 83 195 135 96
732 81 772 120 T
770 86 961 120 ractatas
1373 76 1552 132 [GURY,

141 198 339 239 nesciens
388 198 581 238 amicum
620 197 664 237 in
698 195 807 237 silva
840 195 989 245 latere,
1023 194 1161 244 illum,
1184 195 1350 247 sagitta
1373 209 1426 236 eo
1449 210 1554 237 con-

133 267 267 320 jecta,
290 267 465 315 occidit,
489 266 671 306 minime
699 265 898 317 jacturus
932 265 967 304 si
1001 264 1131 304 sciret
1164 277 1265 304 eum
1298 264 1406 305 inibi
1439 279 1550 307 esse.

140 335 179 375 E
220 335 442 375 contrario
483 334 737 386 ignorantia
772 332 1070 382 concomitans,
1107 346 1184 372 seu
1221 346 1330 385 qnae
1358 346 1442 373 non
1478 333 1557 374 dat

137 418 314 445 causam
335 404 480 456 operis,
502 418 554 443 ea
577 409 643 443 est
665 415 780 454 quae
805 402 886 441 etsi
911 415 999 441 non
1032 401 1220 451 adesset,
1246 408 1397 442 tamen
1429 416 1554 455 opuS,

139 475 195 514 de
231 487 320 526 quo
357 474 513 526 agitur,
553 471 863 525 perficeretur;
898 476 947 510 ut
983 484 1069 523 v.g.
1104 471 1139 510 si
1172 477 1357 511 venator
1387 471 1556 524 sagitta

140 543 342 596 conjecta
373 542 537 583 occidit
570 540 811 588 inimicum,
843 539 1042 578 nesciens
1075 539 1255 592 quidem
1289 539 1414 580 illum
1446 540 1554 580 inibi

140 612 308 659 adesse,
332 611 394 651 ita
415 616 566 651 tamen
589 609 739 648 animo
761 607 1049 648 habitualiter
1081 608 1266 648 affectus
1299 614 1359 657 ut,
1381 608 1554 649 etiamsi

140 680 435 732 cognovisset,
470 678 663 730 idipsum
708 676 911 717 fecisset:
956 689 1069 729 quae
1112 676 1374 729 ignorantia,
1416 691 1554 730 quum

140 762 229 788 non
251 748 308 787 sit
329 760 458 787 causa
481 745 680 794 actionis,
702 745 781 785 sed
804 750 982 784 tantum
1007 744 1102 796 ejus
1124 758 1267 793 comes,
1284 758 1371 784 non
1394 745 1557 786 dicitur

140 815 384 857 antecedens
404 815 482 855 sed
504 813 814 860 concomiz‘ans,·
846 826 991 866 neque
1015 827 1067 853 ea
1089 826 1203 865 quae
1225 813 1287 853 sic
1309 813 1559 855 efficiuntur

141 885 226 925 dici
249 883 394 924 solent
415 898 474 923 ex
498 883 763 935 ignorantia,
787 895 932 934 neque
945 888 1122 934 propter
1143 882 1455 934 ignorantiam,
1477 882 1555 923 sed

140 958 314 994 tantum
338 965 433 991 cnm
465 950 727 1003 ignorantia,
751 949 854 989 fieri.

200 1102 298 1142 242.
334 1087 872 1148 Quaesita.—-—QUAER.
924 1092 971 1128 10.
1030 1089 1253 1140 Quaenam
1300 1087 1557 1129 conditiones

140 1158 426 1212 requirantur
445 1163 495 1197 ut
515 1157 768 1209 ignorantia
789 1157 850 1198 sit
869 1158 1122 1198 vincibilis?

200 1237 296 1277 243.
331 1226 476 1266 RESP.
509 1226 768 1278 Requiritur
805 1230 845 1266 1⁰
876 1232 925 1267 ut
942 1233 1117 1279 praesto
1149 1226 1237 1266 sint
1268 1225 1409 1265 media
1433 1225 1558 1278 igno-

141 1296 330 1336 rantiam
353 1294 618 1347 depellendi,
640 1308 717 1334 seu
741 1295 999 1348 acquirendi
1023 1294 1255 1335 scientiam
1275 1308 1390 1347 quae
1412 1294 1527 1334 desit
1547 1309 1556 1344 ;

141 1368 185 1404 2⁰
221 1370 270 1404 ut
311 1363 420 1402 haec
463 1363 610 1402 media
657 1362 877 1415 ejusmodi
915 1364 1002 1403 sint
1054 1369 1103 1403 ut
1141 1377 1193 1403 ea
1235 1362 1446 1403 adhibere
1476 1376 1558 1403 non

138 1438 353 1485 exsuperet
371 1431 647 1484 dilzgentiam
681 1433 899 1472 moralem.
955 1432 1144 1484 Insuper
1178 1432 1214 1471 si
1247 1444 1393 1470 sermo
1415 1436 1482 1471 est
1503 1431 1560 1471 de

140 1501 391 1555 ignorantia
421 1499 635 1552 culpabili,
668 1501 902 1553 requiritur
933 1504 975 1551 3⁰
1006 1507 1053 1540 ut
1085 1499 1142 1539 sit
1177 1499 1380 1551 oblzgratz'o
1411 1500 1559 1552 acqui-

141 1571 266 1611 rendi
290 1569 521 1610 scientiam
546 1574 590 1608 et
613 1568 713 1608 ideo
736 1569 980 1609 adhibendi
1004 1568 1152 1608 media
1174 1581 1308 1620 supra
1324 1567 1457 1607 dicta.

200 1650 293 1690 244.
331 1637 541 1678 Conditio
571 1635 736 1688 prima,
772 1643 821 1677 ut
857 1643 1032 1677 constat
1067 1650 1125 1676 ex
1159 1641 1292 1675 antea
1334 1633 1427 1687 (nn.
1467 1636 1559 1685 106,

145 1708 259 1761 107.)
281 1707 422 1755 dictis,
446 1705 627 1745 omnino
660 1705 802 1757 exigit
834 1711 882 1746 ut
914 1707 957 1745 in
991 1710 1187 1745 mentem
1220 1704 1389 1744 venerit
1411 1703 1561 1757 aliqua

139 1776 355 1829 cogitatio
377 1780 454 1814 aut
486 1773 691 1826 suspicio,
715 1779 810 1813 tum
833 1774 969 1827 ipsius
992 1774 1280 1826 ignorantiae,
1302 1779 1396 1813 tum
1421 1774 1560 1814 medi-

138 1858 265 1886 orum
288 1842 448 1896 quibus
470 1840 681 1882 adhibitis
704 1842 865 1894 depelli
898 1843 1051 1895 possit.
1114 1842 1174 1881 Et
1196 1842 1375 1894 quidem
1399 1842 1455 1882 de
1477 1841 1559 1882 hac

140 1914 237 1967 ipsa
274 1926 319 1952 re
358 1907 607 1951 Suaresius1
654 1910 828 1962 scripsit
863 1924 914 1950 ea
952 1924 1066 1963 quae
1104 1923 1145 1949 n.
1193 1919 1272 1962 107
1314 1910 1563 1959 citavimus,

139 1981 278 2022 “licet
301 1978 531 2031 diligentia
553 1979 607 2017 sit
632 1978 677 2017 in
707 1992 750 2018 se
786 1978 1020 2031 possibilis,
1051 1984 1202 2018 tamen
1235 1979 1271 2018 si
1293 1979 1336 2018 in
1361 1985 1558 2018 mentem

141 2049 334 2090 hominis
357 2061 586 2100 nunquam
608 2047 729 2087 venit
761 2047 816 2087 de
849 2047 922 2087 illa
946 2047 1153 2100 cogitare,
1185 2077 1195 2086 .
1259 2080 1267 2087 .
1300 2061 1387 2087 non
1411 2052 1560 2100 potest

141 2118 228 2159 dici
250 2117 350 2158 talis
373 2115 604 2167 diligentia
635 2147 642 2154 .
704 2147 712 2155 .
746 2128 842 2158 esse
865 2114 911 2154 in
942 2113 1383 2167 lzominispotestate.''

201 2198 294 2238 245.
330 2184 542 2227 Conditio
581 2185 765 2225 secanda
798 2185 905 2225 satis
945 2183 1205 2236 intelligitur
1240 2197 1298 2224 θΧ
1334 2198 1467 2237 supra
1496 2183 1556 2237 (n.

143 2255 262 2310 221.)
286 2254 428 2296 dictis.

202 2325 297 2375 246.
333 2323 403 2363 De
426 2321 554 2361 tertia
577 2321 832 2361 conditione
855 2320 980 2374 plura
1003 2321 1273 2373 exponenda
1294 2327 1395 2362 sunt
1412 2334 1480 2362 :—

202 2404 294 2446 247.
329 2392 388 2432 Et
427 2395 466 2430 1⁰
502 2391 861 2431 animadvertunt
900 2389 993 2429 TT.
1031 2389 1206 2430 duobus
1240 2390 1384 2430 modis
1426 2402 1558 2443 posse

449 2559 456 2580 ¹
480 2559 587 2589 Tract.
606 2558 643 2588 dc
668 2556 870 2592 lf'olmztario,
889 2556 987 2597 Disp.
1005 2566 1038 2595 4.
1057 2561 1136 2588 sect.
1153 2556 1175 2587 i.
1194 2567 1228 2587 n.
1250 2564 1300 2596 19.
