1716 2729
149 75 223 102 nn.
252 73 313 111 10,
342 61 425 116 11.]
573 64 624 104 de
653 64 835 104 Actibus
865 65 1099 107 Humanis.
1493 78 1548 120 79

149 176 340 229 quidem,
364 177 619 228 intendere3
655 192 758 219 narn
782 192 870 218 non
901 178 1020 230 illud,
1055 181 1133 221 sed
1171 182 1358 233 pecunia
1394 189 1549 223 mutua

148 243 205 283 ab
230 257 281 283 eo
303 246 420 293 data,
444 245 586 297 reipsa
607 246 803 286 medium
828 252 895 286 est
916 260 1005 299 quo
1027 248 1252 288 obtinetur
1280 248 1377 288 finis
1415 263 1547 302 quem

148 324 286 362 agens
318 313 400 353 sibi
436 326 681 365 proponere
718 313 863 363 debet,
897 327 998 355 suas
1035 329 1196 368 nempe
1232 329 1299 356 res
1341 317 1547 357 adversas

148 379 390 420 sublevare.

213 449 280 488 16⁰
310 448 468 488 Peccat
487 449 678 501 graviter
700 449 847 502 puella
868 463 982 503 quae
1004 464 1062 491 ex
1084 466 1164 492 suo
1186 452 1351 494 delicto
1368 454 1550 505 gravida

148 516 351 556 abortum
392 522 597 568 procurat
639 517 695 557 ad
737 518 966 559 vitandam
1004 520 1247 562 infamiam.
1312 521 1458 572 Ratio,
1489 523 1550 562 ait

149 581 302 635 Gury‚1
322 590 389 623 est
421 585 524 636 quia
562 597 651 624 non
689 585 816 625 adest
852 600 986 627 causa
1016 589 1248 639 sufficiens,
1271 602 1348 629 seu
1370 603 1549 642 propor—

149 652 318 692 tionate
340 652 497 704 gravis,
520 651 738 704 ejusmodi
763 655 977 695 damnum
1001 655 1111 708 proli
1134 656 1365 698 inferendi.
1423 656 1550 710 Quae

148 719 327 771 quidem
362 720 484 769 ratio,
508 721 551 760 in
583 722 808 762 communi
847 722 939 763 TT.
975 724 1206 773 sententia,
1246 737 1375 764 sensu
1418 738 1551 778 supra

150 788 207 840 (n.
237 788 346 840 138.)
371 788 578 840 exposito
601 788 889 842 intelligenda
911 797 988 839 est,
1010 791 1129 843 quod
1163 805 1388 844 nunquam
1411 793 1550 845 possit

148 868 242 894 esse
283 855 394 895 ratio
435 855 665 905 sufficiens,
707 870 783 897 seu
824 859 1156 912 proportionate
1187 861 1342 913 gravis,
1370 861 1549 903 abortus

148 922 209 962 ita
230 924 505 975 procurandi.

209 1001 281 1041 Ex
317 1001 473 1042 iisdem
510 1002 737 1056 principiis
773 1003 846 1043 alii
890 1004 979 1045 fere
1015 1005 1232 1046 innumeri
1273 1006 1550 1047 resolvuntur

147 1082 286 1117 casus,
309 1070 568 1121 praesertim
592 1071 633 1110 in
659 1070 880 1112 Tractatu'
895 1072 947 1112 de
969 1071 1202 1123 Charitate,
1230 1073 1305 1114 ubi
1329 1074 1474 1127 agitur
1494 1075 1549 1114 de

149 1137 384 1187 scandalo,
407 1144 451 1178 et
473 1139 529 1178 de
562 1138 887 1191 Cooperatione
908 1141 1000 1181 sive
1022 1142 1077 1181 ad
1111 1141 1293 1182 alterius
1315 1147 1549 1195 peccatum

148 1205 238 1244 sive
280 1205 334 1245 ad
377 1205 590 1246 damnum
635 1208 842 1259 proximo
876 1208 1166 1249 inferendum.
1233 1210 1334 1250 Huc
1373 1210 1551 1263 insuper

147 1278 350 1325 spectant
386 1285 498 1324 quae
533 1274 667 1314 tradit
706 1273 841 1327 Gury,
880 1274 1017 1316 Casus
1056 1275 1353 1327 Conscientiae,
1392 1277 1504 1318 Part.
1524 1278 1549 1319 i.
1604 1293 1609 1299 ·

148 1339 335 1381 Casibus
364 1345 413 1388 1⁰,
438 1345 496 1391 2⁰,
515 1346 572 1392 4⁰,
596 1349 638 1383 et
664 1348 716 1393 5⁰.

505 1491 994 1535 ARTICULUS
1059 1494 1181 1535 III.

706 1599 772 1629 DE
805 1599 993 1632 LIBERO.

210 1689 302 1732 193.
336 1676 605 1721 Definitio.
670 1677 820 1731 Quum
854 1678 1030 1719 libertas
1061 1680 1105 1719 in
1120 1693 1273 1732 genere
1293 1681 1349 1720 sit
1391 1681 1547 1721 immu-

145 1747 263 1787 nitas
311 1760 339 1786 a
380 1745 546 1786 vincalo
586 1760 657 1786 seu
697 1746 953 1799 subjectione,
990 1752 1059 1787 tot
1100 1754 1203 1788 sunt
1244 1748 1338 1801 ejus
1380 1749 1548 1802 species

146 1814 486 1867 distinguendae
523 1820 631 1867 quot
668 1821 768 1855 sunt
804 1814 981 1856 vincula
1017 1829 1042 1855 a
1073 1816 1231 1868 quibus
1253 1818 1350 1870 quis
1372 1817 1547 1858 liberari

146 1882 297 1936 possit.
359 1882 598 1935 Triplicem
641 1882 783 1923 solent
826 1882 904 1924 SS.
950 1883 1101 1924 Patres
1143 1898 1367 1926 recensere
1419 1886 1546 1927 liber-

145 1956 311 2000 tatem;
337 1949 516 2002 gloriae,
532 1950 719 2002 <gratiae,
743 1956 787 1990 et
808 1957 999 1991 naturae.

212 2030 300 2069 194.
335 2018 537 2058 Libertas
561 2018 741 2071 gloriae,
776 2032 889 2071 quae
927 2026 994 2060 est
1019 2020 1277 2060 immunitas
1304 2035 1329 2060 a
1360 2021 1546 2070 miseria,

146 2086 438 2138 corruptione,
476 2099 526 2126 ac
561 2092 715 2135 morte,
749 2092 816 2126 est
845 2092 1021 2128 tantum
1057 2088 1296 2129 Beatorum
1332 2089 1375 2128 in
1412 2089 1545 2129 coelis

142 2153 542 2205 triumphantium:
587 2167 638 2193 ea
680 2159 747 2194 est
797 2154 854 2194 de
906 2168 994 2207 qua
1045 2155 1241 2208 loquitur
1298 2156 1544 2209 Apostolus

148 2221 298 2271 (Rom.
320 2220 407 2261 viii.
433 2226 506 2274 21)
528 2235 535 2261 :
569 2224 589 2240 “
607 2227 651 2261 et
682 2222 778 2274 ipsa
799 2228 1000 2263 creatura
1021 2222 1276 2265 liberabitur
1294 2239 1321 2264 a
1341 2224 1546 2264 servitute

146 2287 441 2340 corruptionis,
463 2289 505 2328 in
523 2288 757 2329 libertatem
772 2289 943 2342 gloriae
964 2290 1153 2331 filiorum
1173 2291 1293 2332 Dei.”
1343 2291 1545 2332 Libertas

146 2356 325 2410 gratiae
344 2361 410 2396 est
432 2356 686 2397 immunitas
710 2370 735 2396 a
757 2364 942 2410 peccato
963 2373 972 2398 ε
996 2358 1078 2399 hac
1101 2358 1304 2399 fruuntur
1325 2371 1477 2398 omnes
1499 2364 1543 2398 et

574 2495 584 2517 Ἴ
601 2496 692 2527 Part.
711 2496 733 2528 i.
752 2506 785 2528 n.
810 2505 863 2536 10,
885 2498 1044 2529 Resolves
1061 2497 1108 2529 60.
