<?xml version="1.0" encoding="UTF-8"?>
<!DOCTYPE html PUBLIC "-//W3C//DTD XHTML 1.0 Transitional//EN"
    "http://www.w3.org/TR/xhtml1/DTD/xhtml1-transitional.dtd">
<html xmlns="http://www.w3.org/1999/xhtml" xml:lang="en" lang="en">
 <head>
  <title>
</title>
<meta http-equiv="Content-Type" content="text/html;charset=utf-8" />
  <meta name='ocr-system' content='tesseract 3.04.00' />
  <meta name='ocr-capabilities' content='ocr_page ocr_carea ocr_par ocr_line ocrx_word'/>
</head>
<body>
  <div class='ocr_page' id='page_1' title='image "./tractatusdeactib00wals_0265.png"; bbox 0 0 1716 2729; ppageno 0'>
   <div class='ocr_carea' id='block_1_1' title="bbox 625 101 1567 154">
    <p class='ocr_par' dir='ltr' id='par_1_1' title="bbox 625 101 1567 154">
     <span class='ocr_line' id='line_1_1' title="bbox 625 101 1567 154; baseline -0.004 -10"><span class='ocrx_word' id='word_1_1' title='bbox 625 102 676 144; x_wconf 84' lang='lat' dir='ltr'>de</span> <span class='ocrx_word' id='word_1_2' title='bbox 696 101 876 143; x_wconf 84' lang='lat' dir='ltr'>Actibus</span> <span class='ocrx_word' id='word_1_3' title='bbox 897 101 1131 142; x_wconf 82' lang='lat' dir='ltr'><em>Humanis.</em></span> <span class='ocrx_word' id='word_1_4' title='bbox 1482 111 1567 154; x_wconf 87' lang='lat'>249</span> 
     </span>
    </p>
   </div>
   <div class='ocr_carea' id='block_1_2' title="bbox 156 214 1566 1709">
    <p class='ocr_par' dir='ltr' id='par_1_2' title="bbox 174 214 1565 401">
     <span class='ocr_line' id='line_1_2' title="bbox 211 214 1565 268; baseline -0.004 -15"><span class='ocrx_word' id='word_1_5' title='bbox 211 218 251 252; x_wconf 88' lang='lat'>6⁰</span> <span class='ocrx_word' id='word_1_6' title='bbox 277 219 322 252; x_wconf 86' lang='lat' dir='ltr'>ln</span> <span class='ocrx_word' id='word_1_7' title='bbox 338 230 385 258; x_wconf 76' lang='lat' dir='ltr'>se,</span> <span class='ocrx_word' id='word_1_8' title='bbox 414 218 512 262; x_wconf 91' lang='lat' dir='ltr'>quod</span> <span class='ocrx_word' id='word_1_9' title='bbox 530 223 585 252; x_wconf 87' lang='lat' dir='ltr'>est</span> <span class='ocrx_word' id='word_1_10' title='bbox 604 217 790 261; x_wconf 85' lang='lat' dir='ltr'>objectum</span> <span class='ocrx_word' id='word_1_11' title='bbox 810 215 1009 250; x_wconf 86' lang='lat' dir='ltr'>voluntatis</span> <span class='ocrx_word' id='word_1_12' title='bbox 1028 227 1217 268; x_wconf 40' lang='lat' dir='ltr'>expresso·</span> <span class='ocrx_word' id='word_1_13' title='bbox 1221 221 1306 249; x_wconf 89' lang='lat' dir='ltr'>actu</span> <span class='ocrx_word' id='word_1_14' title='bbox 1324 214 1361 249; x_wconf 86' lang='lat' dir='ltr'>id</span> <span class='ocrx_word' id='word_1_15' title='bbox 1379 214 1562 248; x_wconf 87' lang='lat' dir='ltr'>volentis·</span> <span class='ocrx_word' id='word_1_16' title='bbox 1556 241 1565 255; x_wconf 86' lang='grc'>,</span> 
     </span>
     <span class='ocr_line' id='line_1_3' title="bbox 178 261 1563 309; baseline -0.004 -10"><span class='ocrx_word' id='word_1_17' title='bbox 178 266 234 299; x_wconf 88' lang='lat' dir='ltr'>vel</span> <span class='ocrx_word' id='word_1_18' title='bbox 253 277 293 299; x_wconf 85' lang='grc'>111</span> <span class='ocrx_word' id='word_1_19' title='bbox 309 277 432 305; x_wconf 81' lang='lat' dir='ltr'>causa,</span> <span class='ocrx_word' id='word_1_20' title='bbox 451 265 550 309; x_wconf 86' lang='lat' dir='ltr'>quod</span> <span class='ocrx_word' id='word_1_21' title='bbox 569 265 620 298; x_wconf 87' lang='lat' dir='ltr'>ita</span> <span class='ocrx_word' id='word_1_22' title='bbox 637 263 868 297; x_wconf 87' lang='lat' dir='ltr'>connectitur</span> <span class='ocrx_word' id='word_1_23' title='bbox 886 274 970 296; x_wconf 92' lang='lat' dir='ltr'>cum</span> <span class='ocrx_word' id='word_1_24' title='bbox 984 262 1200 296; x_wconf 70' lang='lat' dir='ltr'>voluntario</span> <span class='ocrx_word' id='word_1_25' title='bbox 1210 261 1245 295; x_wconf 88' lang='lat' dir='ltr'>in</span> <span class='ocrx_word' id='word_1_26' title='bbox 1266 273 1318 302; x_wconf 84' lang='lat' dir='ltr'>se,</span> <span class='ocrx_word' id='word_1_27' title='bbox 1336 268 1374 295; x_wconf 92' lang='lat' dir='ltr'>ut</span> <span class='ocrx_word' id='word_1_28' title='bbox 1394 261 1455 306; x_wconf 92' lang='lat' dir='ltr'>qui</span> <span class='ocrx_word' id='word_1_29' title='bbox 1475 261 1563 295; x_wconf 91' lang='lat' dir='ltr'>illud</span> 
     </span>
     <span class='ocr_line' id='line_1_4' title="bbox 176 308 1563 360; baseline -0.004 -14"><span class='ocrx_word' id='word_1_30' title='bbox 176 311 262 346; x_wconf 82' lang='lat' dir='ltr'>velit</span> <span class='ocrx_word' id='word_1_31' title='bbox 281 319 316 346; x_wconf 93' lang='lat' dir='ltr'>et</span> <span class='ocrx_word' id='word_1_32' title='bbox 335 313 417 354; x_wconf 83' lang='lat' dir='ltr'>hoc,</span> <span class='ocrx_word' id='word_1_33' title='bbox 436 311 639 345; x_wconf 87' lang='lat' dir='ltr'>secundum</span> <span class='ocrx_word' id='word_1_34' title='bbox 658 310 798 343; x_wconf 88' lang='lat' dir='ltr'>morale</span> <span class='ocrx_word' id='word_1_35' title='bbox 817 309 995 360; x_wconf 82' lang='lat' dir='ltr'>judicium</span> <span class='ocrx_word' id='word_1_36' title='bbox 1012 308 1220 346; x_wconf 85' lang='lat' dir='ltr'>hominum</span> <span class='ocrx_word' id='word_1_37' title='bbox 1237 309 1331 342; x_wconf 90' lang='lat' dir='ltr'>velle</span> <span class='ocrx_word' id='word_1_38' title='bbox 1357 314 1563 349; x_wconf 84' lang='lat' dir='ltr'>censeatur,</span> 
     </span>
     <span class='ocr_line' id='line_1_5' title="bbox 174 353 1562 406; baseline -0.004 -13"><span class='ocrx_word' id='word_1_39' title='bbox 174 371 205 392; x_wconf 86' lang='lat' dir='ltr'>v.</span> <span class='ocrx_word' id='word_1_40' title='bbox 208 370 243 402; x_wconf 89' lang='grc'>3.</span> <span class='ocrx_word' id='word_1_41' title='bbox 258 359 435 392; x_wconf 87' lang='lat' dir='ltr'>damnum</span> <span class='ocrx_word' id='word_1_42' title='bbox 449 358 589 392; x_wconf 83' lang='lat' dir='ltr'>illatum</span> <span class='ocrx_word' id='word_1_43' title='bbox 606 357 653 390; x_wconf 89' lang='lat' dir='ltr'>ab</span> <span class='ocrx_word' id='word_1_44' title='bbox 671 368 716 390; x_wconf 88' lang='lat' dir='ltr'>eo</span> <span class='ocrx_word' id='word_1_45' title='bbox 733 356 794 401; x_wconf 89' lang='lat' dir='ltr'>qui</span> <span class='ocrx_word' id='word_1_46' title='bbox 814 355 980 399; x_wconf 77' lang='lat' dir='ltr'>tegulas</span> <span class='ocrx_word' id='word_1_47' title='bbox 973 367 1009 388; x_wconf 85' lang='lat' dir='ltr'>in</span> <span class='ocrx_word' id='word_1_48' title='bbox 1024 355 1121 389; x_wconf 87' lang='lat' dir='ltr'>viam</span> <span class='ocrx_word' id='word_1_49' title='bbox 1140 367 1160 389; x_wconf 89' lang='lat' dir='ltr'>e</span> <span class='ocrx_word' id='word_1_50' title='bbox 1173 361 1272 389; x_wconf 88' lang='lat' dir='ltr'>tecto</span> <span class='ocrx_word' id='word_1_51' title='bbox 1290 354 1450 406; x_wconf 85' lang='lat' dir='ltr'>dejiciat.</span> <span class='ocrx_word' id='word_1_52' title='bbox 1469 353 1562 398; x_wconf 84' lang='lat'>[59.]</span> 
     </span>
    </p>

    <p class='ocr_par' dir='ltr' id='par_1_3' title="bbox 167 400 1564 680">
     <span class='ocr_line' id='line_1_6' title="bbox 217 400 1564 449; baseline -0.003 -11"><span class='ocrx_word' id='word_1_53' title='bbox 217 414 255 447; x_wconf 88' lang='lat'>7⁰</span> <span class='ocrx_word' id='word_1_54' title='bbox 283 406 505 446; x_wconf 76' lang='lat' dir='ltr'>Posi&#39;lzvnm,</span> <span class='ocrx_word' id='word_1_55' title='bbox 535 404 633 449; x_wconf 86' lang='lat' dir='ltr'>quod</span> <span class='ocrx_word' id='word_1_56' title='bbox 668 402 837 447; x_wconf 86' lang='lat' dir='ltr'>provenit</span> <span class='ocrx_word' id='word_1_57' title='bbox 871 414 893 437; x_wconf 87' lang='lat' dir='ltr'>a</span> <span class='ocrx_word' id='word_1_58' title='bbox 928 402 1117 436; x_wconf 86' lang='lat' dir='ltr'>voluntate</span> <span class='ocrx_word' id='word_1_59' title='bbox 1152 408 1334 446; x_wconf 87' lang='lat' dir='ltr'>quatenus</span> <span class='ocrx_word' id='word_1_60' title='bbox 1361 400 1467 445; x_wconf 83' lang='lat' dir='ltr'>agit·</span> <span class='ocrx_word' id='word_1_61' title='bbox 1460 427 1468 442; x_wconf 93' lang='lat'>‚</span> <span class='ocrx_word' id='word_1_62' title='bbox 1506 401 1564 435; x_wconf 92' lang='lat' dir='ltr'>vel</span> 
     </span>
     <span class='ocr_line' id='line_1_7' title="bbox 167 448 1563 502; baseline -0.003 -18"><span class='ocrx_word' id='word_1_63' title='bbox 167 453 402 496; x_wconf 78' lang='lat' dir='ltr'>negativum,</span> <span class='ocrx_word' id='word_1_64' title='bbox 421 451 530 502; x_wconf 80' lang='lat' dir='ltr'>quod</span> <span class='ocrx_word' id='word_1_65' title='bbox 561 449 728 494; x_wconf 90' lang='lat' dir='ltr'>provenit</span> <span class='ocrx_word' id='word_1_66' title='bbox 756 461 778 484; x_wconf 86' lang='lat' dir='ltr'>a</span> <span class='ocrx_word' id='word_1_67' title='bbox 803 449 992 483; x_wconf 88' lang='lat' dir='ltr'>voluntate</span> <span class='ocrx_word' id='word_1_68' title='bbox 1023 456 1205 493; x_wconf 89' lang='lat' dir='ltr'>quatenus</span> <span class='ocrx_word' id='word_1_69' title='bbox 1233 459 1308 481; x_wconf 91' lang='lat' dir='ltr'>non</span> <span class='ocrx_word' id='word_1_70' title='bbox 1336 449 1423 491; x_wconf 82' lang='lat' dir='ltr'>agit.</span> <span class='ocrx_word' id='word_1_71' title='bbox 1475 448 1563 480; x_wconf 91' lang='lat' dir='ltr'>Non</span> 
     </span>
     <span class='ocr_line' id='line_1_8' title="bbox 172 475 1564 542; baseline -0.003 -11"><span class='ocrx_word' id='word_1_72' title='bbox 172 497 325 542; x_wconf 82' lang='lat' dir='ltr'>quaevis</span> <span class='ocrx_word' id='word_1_73' title='bbox 356 497 509 531; x_wconf 79' lang='lat' dir='ltr'>omissm</span> <span class='ocrx_word' id='word_1_74' title='bbox 537 495 744 530; x_wconf 89' lang='lat' dir='ltr'>voluntaria</span> <span class='ocrx_word' id='word_1_75' title='bbox 773 495 907 530; x_wconf 85' lang='lat' dir='ltr'>dicitur</span> <span class='ocrx_word' id='word_1_76' title='bbox 935 497 1107 540; x_wconf 59' lang='lat' dir='ltr'>negative</span> <span class='ocrx_word' id='word_1_77' title='bbox 1133 475 1380 533; x_wconf 54' lang='lat' dir='ltr'>voluntaria?</span> <span class='ocrx_word' id='word_1_78' title='bbox 1401 493 1467 527; x_wconf 84' lang='lat' dir='ltr'>sed</span> <span class='ocrx_word' id='word_1_79' title='bbox 1497 505 1564 528; x_wconf 90' lang='lat' dir='ltr'>eae</span> 
     </span>
     <span class='ocr_line' id='line_1_9' title="bbox 168 540 1564 594; baseline -0.004 -16"><span class='ocrx_word' id='word_1_80' title='bbox 168 550 312 578; x_wconf 83' lang='lat' dir='ltr'>tanturn</span> <span class='ocrx_word' id='word_1_81' title='bbox 340 544 560 578; x_wconf 87' lang='lat' dir='ltr'>omissiones</span> <span class='ocrx_word' id='word_1_82' title='bbox 588 543 633 586; x_wconf 87' lang='lat' dir='ltr'>(si</span> <span class='ocrx_word' id='word_1_83' title='bbox 665 554 759 594; x_wconf 79' lang='lat' dir='ltr'>quae</span> <span class='ocrx_word' id='word_1_84' title='bbox 787 543 860 576; x_wconf 89' lang='lat' dir='ltr'>sint</span> <span class='ocrx_word' id='word_1_85' title='bbox 890 541 1093 586; x_wconf 87' lang='lat' dir='ltr'>ejusmodi)</span> <span class='ocrx_word' id='word_1_86' title='bbox 1122 553 1216 586; x_wconf 87' lang='lat' dir='ltr'>quae</span> <span class='ocrx_word' id='word_1_87' title='bbox 1241 544 1366 585; x_wconf 72' lang='lat' dir='ltr'>purae</span> <span class='ocrx_word' id='word_1_88' title='bbox 1380 540 1564 577; x_wconf 83' lang='lat' dir='ltr'>dicuntur</span> 
     </span>
     <span class='ocr_line' id='line_1_10' title="bbox 169 586 1563 635; baseline -0.003 -11"><span class='ocrx_word' id='word_1_89' title='bbox 169 598 231 624; x_wconf 83' lang='lat' dir='ltr'>aut</span> <span class='ocrx_word' id='word_1_90' title='bbox 250 591 382 624; x_wconf 87' lang='lat' dir='ltr'>saltem</span> <span class='ocrx_word' id='word_1_91' title='bbox 400 602 466 624; x_wconf 88' lang='lat' dir='ltr'>eae</span> <span class='ocrx_word' id='word_1_92' title='bbox 493 601 586 635; x_wconf 85' lang='lat' dir='ltr'>quae</span> <span class='ocrx_word' id='word_1_93' title='bbox 606 589 695 623; x_wconf 79' lang='lat' dir='ltr'>fiunt</span> <span class='ocrx_word' id='word_1_94' title='bbox 724 589 804 623; x_wconf 87' lang='lat' dir='ltr'>sine</span> <span class='ocrx_word' id='word_1_95' title='bbox 831 595 916 623; x_wconf 86' lang='lat' dir='ltr'>actu</span> <span class='ocrx_word' id='word_1_96' title='bbox 934 587 1134 622; x_wconf 89' lang='lat' dir='ltr'>voluntatis</span> <span class='ocrx_word' id='word_1_97' title='bbox 1162 599 1336 633; x_wconf 82' lang='lat' dir='ltr'>expresse</span> <span class='ocrx_word' id='word_1_98' title='bbox 1367 586 1563 622; x_wconf 85' lang='lat' dir='ltr'>statuentis</span> 
     </span>
     <span class='ocr_line' id='line_1_11' title="bbox 170 634 810 680; baseline -0.002 -10"><span class='ocrx_word' id='word_1_99' title='bbox 170 648 247 670; x_wconf 88' lang='lat' dir='ltr'>rem</span> <span class='ocrx_word' id='word_1_100' title='bbox 265 649 347 671; x_wconf 84' lang='lat' dir='ltr'>esse</span> <span class='ocrx_word' id='word_1_101' title='bbox 365 637 620 671; x_wconf 85' lang='lat' dir='ltr'>omittendam.</span> <span class='ocrx_word' id='word_1_102' title='bbox 649 634 790 680; x_wconf 82' lang='lat'><strong>[60-63.</strong></span> <span class='ocrx_word' id='word_1_103' title='bbox 795 635 810 679; x_wconf 92' lang='lat'>]</span> 
     </span>
    </p>

    <p class='ocr_par' dir='ltr' id='par_1_4' title="bbox 170 680 1566 773">
     <span class='ocr_line' id='line_1_12' title="bbox 212 680 1565 728; baseline -0.002 -11"><span class='ocrx_word' id='word_1_104' title='bbox 212 684 267 717; x_wconf 86' lang='lat'>8⁰.</span> <span class='ocrx_word' id='word_1_105' title='bbox 292 684 535 728; x_wconf 65' lang='lat' dir='ltr'>Exfflessmlz</span> <span class='ocrx_word' id='word_1_106' title='bbox 554 683 583 716; x_wconf 86' lang='lat' dir='ltr'>si</span> <span class='ocrx_word' id='word_1_107' title='bbox 612 682 870 717; x_wconf 76' lang='lat' dir='ltr'>manifestatur</span> <span class='ocrx_word' id='word_1_108' title='bbox 894 681 1029 722; x_wconf 87' lang='lat' dir='ltr'>verbis,</span> <span class='ocrx_word' id='word_1_109' title='bbox 1048 688 1109 716; x_wconf 87' lang='lat' dir='ltr'>aut</span> <span class='ocrx_word' id='word_1_110' title='bbox 1140 681 1222 716; x_wconf 87' lang='lat' dir='ltr'>aliis</span> <span class='ocrx_word' id='word_1_111' title='bbox 1253 680 1368 725; x_wconf 84' lang='lat' dir='ltr'>signis</span> <span class='ocrx_word' id='word_1_112' title='bbox 1388 680 1565 725; x_wconf 87' lang='lat' dir='ltr'>aequiva-</span> 
     </span>
     <span class='ocr_line' id='line_1_13' title="bbox 170 727 1566 773; baseline -0.001 -11"><span class='ocrx_word' id='word_1_113' title='bbox 170 727 355 764; x_wconf 85' lang='lat' dir='ltr'>lentibus·</span> <span class='ocrx_word' id='word_1_114' title='bbox 348 757 356 772; x_wconf 92' lang='lat'>,</span> <span class='ocrx_word' id='word_1_115' title='bbox 383 742 490 764; x_wconf 84' lang='lat' dir='ltr'>secus</span> <span class='ocrx_word' id='word_1_116' title='bbox 508 729 641 763; x_wconf 89' lang='lat' dir='ltr'>dicitur</span> <span class='ocrx_word' id='word_1_117' title='bbox 657 731 825 763; x_wconf 67' lang='lat' dir='ltr'>tautum.</span> <span class='ocrx_word' id='word_1_118' title='bbox 865 730 959 763; x_wconf 89' lang='lat' dir='ltr'>Sunt</span> <span class='ocrx_word' id='word_1_119' title='bbox 977 729 1126 772; x_wconf 84' lang='lat' dir='ltr'>regulae</span> <span class='ocrx_word' id='word_1_120' title='bbox 1140 728 1232 773; x_wconf 88' lang='lat' dir='ltr'>juris</span> <span class='ocrx_word' id='word_1_121' title='bbox 1251 741 1260 770; x_wconf 81' lang='lat'>3</span> <span class='ocrx_word' id='word_1_122' title='bbox 1289 729 1366 773; x_wconf 74' lang='lat' dir='ltr'>Qui</span> <span class='ocrx_word' id='word_1_123' title='bbox 1381 731 1475 761; x_wconf 69' lang='lat' dir='ltr'>tacet</span> <span class='ocrx_word' id='word_1_124' title='bbox 1491 738 1566 761; x_wconf 84' lang='lat' dir='ltr'>non</span> 
     </span>
    </p>

    <p class='ocr_par' dir='ltr' id='par_1_5' title="bbox 156 774 1565 1475">
     <span class='ocr_line' id='line_1_14' title="bbox 156 774 1563 821; baseline -0.001 -12"><span class='ocrx_word' id='word_1_125' title='bbox 156 777 316 820; x_wconf 77' lang='lat' dir='ltr'>fatetur,</span> <span class='ocrx_word' id='word_1_126' title='bbox 334 777 399 810; x_wconf 82' lang='lat' dir='ltr'>sed</span> <span class='ocrx_word' id='word_1_127' title='bbox 411 788 475 810; x_wconf 82' lang='lat' dir='ltr'>nec</span> <span class='ocrx_word' id='word_1_128' title='bbox 491 778 618 821; x_wconf 75' lang='lat' dir='ltr'>utique</span> <span class='ocrx_word' id='word_1_129' title='bbox 635 787 770 820; x_wconf 74' lang='lat' dir='ltr'>negare</span> <span class='ocrx_word' id='word_1_130' title='bbox 787 777 948 810; x_wconf 82' lang='lat' dir='ltr'>vzdetur.</span> <span class='ocrx_word' id='word_1_131' title='bbox 978 776 1055 821; x_wconf 78' lang='lat' dir='ltr'>Qut</span> <span class='ocrx_word' id='word_1_132' title='bbox 1065 779 1169 816; x_wconf 80' lang='lat' dir='ltr'>tacet,</span> <span class='ocrx_word' id='word_1_133' title='bbox 1182 775 1384 809; x_wconf 76' lang='lat' dir='ltr'>consentzre</span> <span class='ocrx_word' id='word_1_134' title='bbox 1402 774 1563 808; x_wconf 80' lang='lat' dir='ltr'>vzdetur.</span> 
     </span>
     <span class='ocr_line' id='line_1_15' title="bbox 172 820 1563 867; baseline -0.002 -10"><span class='ocrx_word' id='word_1_135' title='bbox 172 824 278 857; x_wconf 85' lang='lat' dir='ltr'>Haec</span> <span class='ocrx_word' id='word_1_136' title='bbox 304 824 420 857; x_wconf 87' lang='lat' dir='ltr'>altera</span> <span class='ocrx_word' id='word_1_137' title='bbox 446 835 520 857; x_wconf 90' lang='lat' dir='ltr'>non</span> <span class='ocrx_word' id='word_1_138' title='bbox 553 823 649 857; x_wconf 89' lang='lat' dir='ltr'>valet</span> <span class='ocrx_word' id='word_1_139' title='bbox 678 822 748 856; x_wconf 89' lang='lat' dir='ltr'>nisi</span> <span class='ocrx_word' id='word_1_140' title='bbox 784 822 909 857; x_wconf 81' lang='lat' dir='ltr'>adsint</span> <span class='ocrx_word' id='word_1_141' title='bbox 943 823 1119 867; x_wconf 80' lang='lat' dir='ltr'>adjuncta</span> <span class='ocrx_word' id='word_1_142' title='bbox 1154 821 1340 867; x_wconf 83' lang='lat' dir='ltr'>quaedam</span> <span class='ocrx_word' id='word_1_143' title='bbox 1375 820 1563 866; x_wconf 83' lang='lat' dir='ltr'>specialia.</span> 
     </span>
     <span class='ocr_line' id='line_1_16' title="bbox 212 914 1563 961; baseline -0.001 -11"><span class='ocrx_word' id='word_1_144' title='bbox 212 923 262 958; x_wconf 86' lang='lat'>9⁰.</span> <span class='ocrx_word' id='word_1_145' title='bbox 288 917 459 957; x_wconf 83' lang='lat' dir='ltr'>Actuale3</span> <span class='ocrx_word' id='word_1_146' title='bbox 478 916 577 961; x_wconf 90' lang='lat' dir='ltr'>quod</span> <span class='ocrx_word' id='word_1_147' title='bbox 607 915 668 950; x_wconf 85' lang='lat' dir='ltr'>hic</span> <span class='ocrx_word' id='word_1_148' title='bbox 699 922 735 950; x_wconf 88' lang='lat' dir='ltr'>et</span> <span class='ocrx_word' id='word_1_149' title='bbox 762 927 860 950; x_wconf 89' lang='lat' dir='ltr'>nunc</span> <span class='ocrx_word' id='word_1_150' title='bbox 891 915 1035 950; x_wconf 84' lang='lat' dir='ltr'>elicitur</span> <span class='ocrx_word' id='word_1_151' title='bbox 1052 922 1113 950; x_wconf 86' lang='lat' dir='ltr'>aut</span> <span class='ocrx_word' id='word_1_152' title='bbox 1132 914 1357 960; x_wconf 84' lang='lat' dir='ltr'>imperatur3</span> <span class='ocrx_word' id='word_1_153' title='bbox 1386 914 1563 957; x_wconf 79' lang='lat' dir='ltr'>vzrtuale,</span> 
     </span>
     <span class='ocr_line' id='line_1_17' title="bbox 168 961 1564 1007; baseline -0.001 -10"><span class='ocrx_word' id='word_1_154' title='bbox 168 962 278 1007; x_wconf 86' lang='lat' dir='ltr'>quod,</span> <span class='ocrx_word' id='word_1_155' title='bbox 307 969 418 997; x_wconf 85' lang='lat' dir='ltr'>antea</span> <span class='ocrx_word' id='word_1_156' title='bbox 434 962 609 1006; x_wconf 83' lang='lat' dir='ltr'>elicitum,</span> <span class='ocrx_word' id='word_1_157' title='bbox 634 963 670 997; x_wconf 94' lang='lat' dir='ltr'>in</span> <span class='ocrx_word' id='word_1_158' title='bbox 701 963 834 996; x_wconf 90' lang='lat' dir='ltr'>virtute</span> <span class='ocrx_word' id='word_1_159' title='bbox 860 970 1075 1007; x_wconf 86' lang='lat' dir='ltr'>permanet3</span> <span class='ocrx_word' id='word_1_160' title='bbox 1103 963 1301 1005; x_wconf 63' lang='lat' dir='ltr'>hamum,</span> <span class='ocrx_word' id='word_1_161' title='bbox 1322 961 1433 1006; x_wconf 89' lang='lat' dir='ltr'>quod,</span> <span class='ocrx_word' id='word_1_162' title='bbox 1453 967 1564 995; x_wconf 90' lang='lat' dir='ltr'>antea</span> 
     </span>
     <span class='ocr_line' id='line_1_18' title="bbox 168 1007 1562 1054; baseline 0 -12"><span class='ocrx_word' id='word_1_163' title='bbox 168 1009 341 1053; x_wconf 88' lang='lat' dir='ltr'>elicitum,</span> <span class='ocrx_word' id='word_1_164' title='bbox 361 1021 550 1054; x_wconf 88' lang='lat' dir='ltr'>nunquam</span> <span class='ocrx_word' id='word_1_165' title='bbox 563 1016 619 1044; x_wconf 84' lang='lat' dir='ltr'>est</span> <span class='ocrx_word' id='word_1_166' title='bbox 633 1017 856 1044; x_wconf 87' lang='lat' dir='ltr'>revocatum.</span> <span class='ocrx_word' id='word_1_167' title='bbox 922 1009 982 1043; x_wconf 91' lang='lat' dir='ltr'>Ad</span> <span class='ocrx_word' id='word_1_168' title='bbox 1000 1009 1198 1049; x_wconf 77' lang='lat' dir='ltr'>habztuale,</span> <span class='ocrx_word' id='word_1_169' title='bbox 1211 1009 1285 1042; x_wconf 90' lang='lat' dir='ltr'>duo</span> <span class='ocrx_word' id='word_1_170' title='bbox 1303 1007 1561 1053; x_wconf 86' lang='lat' dir='ltr'>requiruntur·</span> <span class='ocrx_word' id='word_1_171' title='bbox 1553 1032 1562 1049; x_wconf 91' lang='lat'>3</span> 
     </span>
     <span class='ocr_line' id='line_1_19' title="bbox 166 1054 1564 1101; baseline 0 -12"><span class='ocrx_word' id='word_1_172' title='bbox 166 1056 214 1090; x_wconf 90' lang='lat' dir='ltr'>ad</span> <span class='ocrx_word' id='word_1_173' title='bbox 233 1057 408 1096; x_wconf 77' lang='lat' dir='ltr'>virtuale,</span> <span class='ocrx_word' id='word_1_174' title='bbox 426 1064 594 1101; x_wconf 85' lang='lat' dir='ltr'>quatuor.</span> <span class='ocrx_word' id='word_1_175' title='bbox 646 1056 848 1101; x_wconf 89' lang='lat' dir='ltr'>Disputant</span> <span class='ocrx_word' id='word_1_176' title='bbox 867 1055 1028 1100; x_wconf 81' lang='lat' dir='ltr'>theologi</span> <span class='ocrx_word' id='word_1_177' title='bbox 1051 1057 1086 1089; x_wconf 88' lang='lat' dir='ltr'>in</span> <span class='ocrx_word' id='word_1_178' title='bbox 1109 1067 1271 1100; x_wconf 88' lang='lat' dir='ltr'>quonam</span> <span class='ocrx_word' id='word_1_179' title='bbox 1292 1055 1363 1089; x_wconf 87' lang='lat' dir='ltr'>sita</span> <span class='ocrx_word' id='word_1_180' title='bbox 1381 1054 1428 1089; x_wconf 87' lang='lat' dir='ltr'>sit</span> <span class='ocrx_word' id='word_1_181' title='bbox 1446 1066 1490 1089; x_wconf 86' lang='lat' dir='ltr'>ea</span> <span class='ocrx_word' id='word_1_182' title='bbox 1508 1054 1564 1089; x_wconf 86' lang='lat' dir='ltr'>vis</span> 
     </span>
     <span class='ocr_line' id='line_1_20' title="bbox 167 1101 1563 1148; baseline 0 -13"><span class='ocrx_word' id='word_1_183' title='bbox 167 1114 230 1136; x_wconf 85' lang='lat' dir='ltr'>seu</span> <span class='ocrx_word' id='word_1_184' title='bbox 262 1102 376 1137; x_wconf 89' lang='lat' dir='ltr'>virtus</span> <span class='ocrx_word' id='word_1_185' title='bbox 404 1114 499 1148; x_wconf 85' lang='lat' dir='ltr'>quae</span> <span class='ocrx_word' id='word_1_186' title='bbox 531 1103 584 1137; x_wconf 91' lang='lat' dir='ltr'>sic</span> <span class='ocrx_word' id='word_1_187' title='bbox 613 1110 763 1137; x_wconf 83' lang='lat' dir='ltr'>maneat</span> <span class='ocrx_word' id='word_1_188' title='bbox 798 1114 842 1136; x_wconf 87' lang='lat' dir='ltr'>ex</span> <span class='ocrx_word' id='word_1_189' title='bbox 872 1103 1007 1136; x_wconf 87' lang='lat' dir='ltr'>actuali</span> <span class='ocrx_word' id='word_1_190' title='bbox 1045 1103 1234 1137; x_wconf 88' lang='lat' dir='ltr'>voluntate</span> <span class='ocrx_word' id='word_1_191' title='bbox 1268 1101 1480 1146; x_wconf 85' lang='lat' dir='ltr'>praeterita,</span> <span class='ocrx_word' id='word_1_192' title='bbox 1514 1112 1563 1135; x_wconf 87' lang='lat' dir='ltr'>an</span> 
     </span>
     <span class='ocr_line' id='line_1_21' title="bbox 167 1148 1564 1194; baseline 0 -12"><span class='ocrx_word' id='word_1_193' title='bbox 167 1149 227 1192; x_wconf 80' lang='lat' dir='ltr'>(a)</span> <span class='ocrx_word' id='word_1_194' title='bbox 247 1149 283 1182; x_wconf 89' lang='lat' dir='ltr'>in</span> <span class='ocrx_word' id='word_1_195' title='bbox 301 1156 402 1183; x_wconf 89' lang='lat' dir='ltr'>motu</span> <span class='ocrx_word' id='word_1_196' title='bbox 422 1149 597 1194; x_wconf 87' lang='lat' dir='ltr'>potentiis</span> <span class='ocrx_word' id='word_1_197' title='bbox 616 1150 810 1194; x_wconf 86' lang='lat' dir='ltr'>impresso,</span> <span class='ocrx_word' id='word_1_198' title='bbox 827 1161 875 1183; x_wconf 84' lang='lat' dir='ltr'>an</span> <span class='ocrx_word' id='word_1_199' title='bbox 904 1150 953 1192; x_wconf 78' lang='lat' dir='ltr'>(b)</span> <span class='ocrx_word' id='word_1_200' title='bbox 975 1149 1010 1183; x_wconf 91' lang='lat' dir='ltr'>in</span> <span class='ocrx_word' id='word_1_201' title='bbox 1029 1149 1195 1194; x_wconf 86' lang='lat' dir='ltr'>repetitis</span> <span class='ocrx_word' id='word_1_202' title='bbox 1213 1149 1358 1183; x_wconf 85' lang='lat' dir='ltr'>actibus</span> <span class='ocrx_word' id='word_1_203' title='bbox 1377 1148 1564 1193; x_wconf 89' lang='lat' dir='ltr'>appetitus</span> 
     </span>
     <span class='ocr_line' id='line_1_22' title="bbox 167 1194 1564 1240; baseline -0.001 -11"><span class='ocrx_word' id='word_1_204' title='bbox 167 1195 344 1237; x_wconf 86' lang='lat' dir='ltr'>sensitivi3</span> <span class='ocrx_word' id='word_1_205' title='bbox 362 1207 409 1230; x_wconf 87' lang='lat' dir='ltr'>an</span> <span class='ocrx_word' id='word_1_206' title='bbox 438 1196 489 1239; x_wconf 78' lang='lat' dir='ltr'>(c)</span> <span class='ocrx_word' id='word_1_207' title='bbox 508 1196 544 1230; x_wconf 90' lang='lat' dir='ltr'>in</span> <span class='ocrx_word' id='word_1_208' title='bbox 562 1197 706 1231; x_wconf 84' lang='lat' dir='ltr'>actibus</span> <span class='ocrx_word' id='word_1_209' title='bbox 728 1196 928 1230; x_wconf 86' lang='lat' dir='ltr'>voluntatis</span> <span class='ocrx_word' id='word_1_210' title='bbox 955 1196 1064 1231; x_wconf 86' lang='lat' dir='ltr'>toties</span> <span class='ocrx_word' id='word_1_211' title='bbox 1091 1196 1269 1240; x_wconf 86' lang='lat' dir='ltr'>repetitis,</span> <span class='ocrx_word' id='word_1_212' title='bbox 1286 1207 1370 1230; x_wconf 90' lang='lat' dir='ltr'>cum</span> <span class='ocrx_word' id='word_1_213' title='bbox 1396 1194 1564 1239; x_wconf 84' lang='lat' dir='ltr'>repetitis</span> 
     </span>
     <span class='ocr_line' id='line_1_23' title="bbox 166 1241 1564 1295; baseline 0 -20"><span class='ocrx_word' id='word_1_214' title='bbox 166 1242 309 1276; x_wconf 83' lang='lat' dir='ltr'>actibus</span> <span class='ocrx_word' id='word_1_215' title='bbox 345 1242 566 1287; x_wconf 84' lang='lat' dir='ltr'>intellectus,</span> <span class='ocrx_word' id='word_1_216' title='bbox 601 1255 648 1277; x_wconf 90' lang='lat' dir='ltr'>an</span> <span class='ocrx_word' id='word_1_217' title='bbox 685 1243 751 1287; x_wconf 78' lang='lat' dir='ltr'>(d)</span> <span class='ocrx_word' id='word_1_218' title='bbox 786 1243 822 1276; x_wconf 91' lang='lat' dir='ltr'>in</span> <span class='ocrx_word' id='word_1_219' title='bbox 856 1243 1000 1277; x_wconf 85' lang='lat' dir='ltr'>actibus</span> <span class='ocrx_word' id='word_1_220' title='bbox 1036 1242 1248 1295; x_wconf 79' lang='lat' dir='ltr'>voluntatis,</span> <span class='ocrx_word' id='word_1_221' title='bbox 1283 1242 1362 1277; x_wconf 87' lang='lat' dir='ltr'>sine</span> <span class='ocrx_word' id='word_1_222' title='bbox 1396 1241 1564 1286; x_wconf 88' lang='lat' dir='ltr'>repetitis</span> 
     </span>
     <span class='ocr_line' id='line_1_24' title="bbox 166 1288 1565 1333; baseline 0 -11"><span class='ocrx_word' id='word_1_223' title='bbox 166 1290 310 1323; x_wconf 86' lang='lat' dir='ltr'>actibus</span> <span class='ocrx_word' id='word_1_224' title='bbox 338 1289 558 1324; x_wconf 85' lang='lat' dir='ltr'>intellectus.</span> <span class='ocrx_word' id='word_1_225' title='bbox 611 1289 859 1324; x_wconf 81' lang='lat' dir='ltr'>Consentiunt</span> <span class='ocrx_word' id='word_1_226' title='bbox 890 1301 978 1324; x_wconf 89' lang='lat' dir='ltr'>vero</span> <span class='ocrx_word' id='word_1_227' title='bbox 1008 1301 1138 1324; x_wconf 89' lang='lat' dir='ltr'>omnes</span> <span class='ocrx_word' id='word_1_228' title='bbox 1167 1290 1203 1323; x_wconf 89' lang='lat' dir='ltr'>in</span> <span class='ocrx_word' id='word_1_229' title='bbox 1230 1290 1357 1333; x_wconf 86' lang='lat' dir='ltr'>regula</span> <span class='ocrx_word' id='word_1_230' title='bbox 1383 1288 1565 1323; x_wconf 81' lang='lat' dir='ltr'>tradenda</span> 
     </span>
     <span class='ocr_line' id='line_1_25' title="bbox 167 1336 1562 1381; baseline 0 -12"><span class='ocrx_word' id='word_1_231' title='bbox 167 1336 269 1380; x_wconf 87' lang='lat' dir='ltr'>cujus</span> <span class='ocrx_word' id='word_1_232' title='bbox 303 1347 374 1380; x_wconf 92' lang='lat' dir='ltr'>ope</span> <span class='ocrx_word' id='word_1_233' title='bbox 409 1336 603 1381; x_wconf 86' lang='lat' dir='ltr'>dijudicari</span> <span class='ocrx_word' id='word_1_234' title='bbox 629 1343 752 1381; x_wconf 91' lang='lat' dir='ltr'>potest</span> <span class='ocrx_word' id='word_1_235' title='bbox 789 1337 940 1381; x_wconf 90' lang='lat' dir='ltr'>quando</span> <span class='ocrx_word' id='word_1_236' title='bbox 973 1336 1088 1371; x_wconf 85' lang='lat' dir='ltr'>virtus</span> <span class='ocrx_word' id='word_1_237' title='bbox 1131 1337 1193 1370; x_wconf 90' lang='lat' dir='ltr'>illa</span> <span class='ocrx_word' id='word_1_238' title='bbox 1233 1336 1357 1380; x_wconf 86' lang='lat' dir='ltr'>reipsa</span> <span class='ocrx_word' id='word_1_239' title='bbox 1399 1343 1562 1369; x_wconf 86' lang='lat' dir='ltr'>maneat.</span> 
     </span>
     <span class='ocr_line' id='line_1_26' title="bbox 166 1382 1563 1435; baseline 0 -19"><span class='ocrx_word' id='word_1_240' title='bbox 166 1382 324 1416; x_wconf 84' lang='lat' dir='ltr'>Etiamsi</span> <span class='ocrx_word' id='word_1_241' title='bbox 344 1382 395 1417; x_wconf 86' lang='lat' dir='ltr'>ita</span> <span class='ocrx_word' id='word_1_242' title='bbox 412 1390 551 1424; x_wconf 87' lang='lat' dir='ltr'>manet,</span> <span class='ocrx_word' id='word_1_243' title='bbox 569 1391 695 1417; x_wconf 86' lang='lat' dir='ltr'>tamen</span> <span class='ocrx_word' id='word_1_244' title='bbox 715 1395 788 1417; x_wconf 89' lang='lat' dir='ltr'>non</span> <span class='ocrx_word' id='word_1_245' title='bbox 808 1383 926 1417; x_wconf 87' lang='lat' dir='ltr'>influit</span> <span class='ocrx_word' id='word_1_246' title='bbox 944 1383 1014 1417; x_wconf 87' lang='lat' dir='ltr'>nisi</span> <span class='ocrx_word' id='word_1_247' title='bbox 1042 1383 1078 1417; x_wconf 89' lang='lat' dir='ltr'>in</span> <span class='ocrx_word' id='word_1_248' title='bbox 1097 1395 1141 1417; x_wconf 88' lang='lat' dir='ltr'>ea</span> <span class='ocrx_word' id='word_1_249' title='bbox 1160 1394 1274 1435; x_wconf 82' lang='lat' dir='ltr'>opera</span> <span class='ocrx_word' id='word_1_250' title='bbox 1293 1394 1387 1428; x_wconf 89' lang='lat' dir='ltr'>quae</span> <span class='ocrx_word' id='word_1_251' title='bbox 1406 1382 1496 1416; x_wconf 91' lang='lat' dir='ltr'>fiunt</span> <span class='ocrx_word' id='word_1_252' title='bbox 1515 1383 1563 1417; x_wconf 89' lang='lat' dir='ltr'>ad</span> 
     </span>
     <span class='ocr_line' id='line_1_27' title="bbox 165 1428 1512 1475; baseline 0.001 -13"><span class='ocrx_word' id='word_1_253' title='bbox 165 1430 442 1474; x_wconf 82' lang='lat' dir='ltr'>assequendum</span> <span class='ocrx_word' id='word_1_254' title='bbox 462 1430 573 1464; x_wconf 85' lang='lat' dir='ltr'>finem</span> <span class='ocrx_word' id='word_1_255' title='bbox 592 1430 727 1464; x_wconf 85' lang='lat' dir='ltr'>actuali</span> <span class='ocrx_word' id='word_1_256' title='bbox 746 1430 938 1464; x_wconf 88' lang='lat' dir='ltr'>voluntate</span> <span class='ocrx_word' id='word_1_257' title='bbox 956 1430 1056 1475; x_wconf 83' lang='lat' dir='ltr'>prius</span> <span class='ocrx_word' id='word_1_258' title='bbox 1076 1430 1318 1474; x_wconf 76' lang='lat' dir='ltr'>propositum.</span> <span class='ocrx_word' id='word_1_259' title='bbox 1348 1428 1433 1472; x_wconf 86' lang='lat'>[67—</span> <span class='ocrx_word' id='word_1_260' title='bbox 1437 1430 1492 1463; x_wconf 87' lang='lat'>82.</span> <span class='ocrx_word' id='word_1_261' title='bbox 1497 1428 1512 1473; x_wconf 91' lang='lat'><em>]</em></span> 
     </span>
    </p>

    <p class='ocr_par' dir='ltr' id='par_1_6' title="bbox 162 1475 1563 1709">
     <span class='ocr_line' id='line_1_28' title="bbox 213 1475 1562 1522; baseline 0 -13"><span class='ocrx_word' id='word_1_262' title='bbox 213 1475 288 1510; x_wconf 92' lang='lat' dir='ltr'>Hic</span> <span class='ocrx_word' id='word_1_263' title='bbox 315 1476 414 1522; x_wconf 89' lang='lat' dir='ltr'>loqui</span> <span class='ocrx_word' id='word_1_264' title='bbox 435 1477 553 1511; x_wconf 88' lang='lat' dir='ltr'>solent</span> <span class='ocrx_word' id='word_1_265' title='bbox 572 1476 737 1520; x_wconf 86' lang='lat' dir='ltr'>theologi</span> <span class='ocrx_word' id='word_1_266' title='bbox 756 1476 802 1510; x_wconf 93' lang='lat' dir='ltr'>de</span> <span class='ocrx_word' id='word_1_267' title='bbox 821 1477 1030 1511; x_wconf 87' lang='lat' dir='ltr'>voluntario</span> <span class='ocrx_word' id='word_1_268' title='bbox 1049 1477 1334 1521; x_wconf 30' lang='lat' dir='ltr'>zwnterpretalzvo</span> <span class='ocrx_word' id='word_1_269' title='bbox 1354 1476 1436 1519; x_wconf 89' lang='lat' dir='ltr'>(seu</span> <span class='ocrx_word' id='word_1_270' title='bbox 1451 1478 1562 1520; x_wconf 70' lang='lat' dir='ltr'>prae-</span> 
     </span>
     <span class='ocr_line' id='line_1_29' title="bbox 165 1522 1561 1575; baseline 0.001 -21"><span class='ocrx_word' id='word_1_271' title='bbox 165 1522 344 1567; x_wconf 73' lang='lat' dir='ltr'>sumpto).</span> <span class='ocrx_word' id='word_1_272' title='bbox 396 1523 465 1557; x_wconf 89' lang='lat' dir='ltr'>Est</span> <span class='ocrx_word' id='word_1_273' title='bbox 484 1523 619 1568; x_wconf 88' lang='lat' dir='ltr'>duplex</span> <span class='ocrx_word' id='word_1_274' title='bbox 635 1537 642 1556; x_wconf 74' lang='grc' dir='ltr'><strong>ε</strong></span> <span class='ocrx_word' id='word_1_275' title='bbox 669 1524 978 1565; x_wconf 77' lang='lat' dir='ltr'>conditionatum,</span> <span class='ocrx_word' id='word_1_276' title='bbox 1003 1524 1102 1568; x_wconf 91' lang='lat' dir='ltr'>quod</span> <span class='ocrx_word' id='word_1_277' title='bbox 1122 1523 1368 1575; x_wconf 78' lang='lat' dir='ltr'>praesumitur</span> <span class='ocrx_word' id='word_1_278' title='bbox 1386 1524 1514 1567; x_wconf 69' lang='lat' dir='ltr'>accyore</span> <span class='ocrx_word' id='word_1_279' title='bbox 1532 1522 1561 1556; x_wconf 90' lang='lat' dir='ltr'>si</span> 
     </span>
     <span class='ocr_line' id='line_1_30' title="bbox 163 1569 1563 1615; baseline 0.001 -13"><span class='ocrx_word' id='word_1_280' title='bbox 163 1569 327 1603; x_wconf 90' lang='lat' dir='ltr'>conditio</span> <span class='ocrx_word' id='word_1_281' title='bbox 359 1569 648 1614; x_wconf 86' lang='lat' dir='ltr'>adimpleretur3</span> <span class='ocrx_word' id='word_1_282' title='bbox 686 1577 722 1604; x_wconf 90' lang='lat' dir='ltr'>et</span> <span class='ocrx_word' id='word_1_283' title='bbox 755 1571 976 1611; x_wconf 77' lang='lat' dir='ltr'>absolutum,</span> <span class='ocrx_word' id='word_1_284' title='bbox 1010 1571 1110 1615; x_wconf 91' lang='lat' dir='ltr'>quod</span> <span class='ocrx_word' id='word_1_285' title='bbox 1151 1571 1399 1614; x_wconf 80' lang='lat' dir='ltr'>praesumitur</span> <span class='ocrx_word' id='word_1_286' title='bbox 1439 1569 1563 1614; x_wconf 87' lang='lat' dir='ltr'>reipsa</span> 
     </span>
     <span class='ocr_line' id='line_1_31' title="bbox 162 1616 1563 1709; baseline 0.001 -61"><span class='ocrx_word' id='word_1_287' title='bbox 162 1616 294 1650; x_wconf 76' lang='lat' dir='ltr'>adesse.</span> <span class='ocrx_word' id='word_1_288' title='bbox 345 1617 469 1650; x_wconf 87' lang='lat' dir='ltr'>Voces</span> <span class='ocrx_word' id='word_1_289' title='bbox 485 1624 622 1709; x_wconf 67' lang='lat' dir='ltr'>tamJen</span> <span class='ocrx_word' id='word_1_290' title='bbox 650 1618 981 1662; x_wconf 76' lang='lat' dir='ltr'>i&#39;nterpretatzvum</span> <span class='ocrx_word' id='word_1_291' title='bbox 999 1624 1034 1652; x_wconf 91' lang='lat' dir='ltr'>et</span> <span class='ocrx_word' id='word_1_292' title='bbox 1045 1619 1335 1662; x_wconf 71' lang='lat' dir='ltr'>praesumptum</span> <span class='ocrx_word' id='word_1_293' title='bbox 1365 1616 1427 1651; x_wconf 90' lang='lat' dir='ltr'>alii</span> <span class='ocrx_word' id='word_1_294' title='bbox 1455 1616 1563 1651; x_wconf 86' lang='lat' dir='ltr'>aliter</span> 
     </span>
     <span class='ocr_line' id='line_1_32' title="bbox 167 1662 554 1707; baseline 0.005 -11"><span class='ocrx_word' id='word_1_295' title='bbox 167 1662 389 1707; x_wconf 88' lang='lat' dir='ltr'>intelligunt.</span> <span class='ocrx_word' id='word_1_296' title='bbox 420 1663 506 1707; x_wconf 83' lang='lat'>[83-</span> <span class='ocrx_word' id='word_1_297' title='bbox 510 1664 554 1698; x_wconf 87' lang='lat'>86</span> 
     </span>
    </p>
   </div>
   <div class='ocr_carea' id='block_1_3' title="bbox 155 1764 1562 2603">
    <p class='ocr_par' dir='ltr' id='par_1_7' title="bbox 155 1764 1562 1902">
     <span class='ocr_line' id='line_1_33' title="bbox 209 1764 1562 1809; baseline 0.001 -11"><span class='ocrx_word' id='word_1_298' title='bbox 209 1764 274 1797; x_wconf 87' lang='lat' dir='ltr'>Ex</span> <span class='ocrx_word' id='word_1_299' title='bbox 306 1772 443 1799; x_wconf 82' lang='lat' dir='ltr'>D1CTls</span> <span class='ocrx_word' id='word_1_300' title='bbox 475 1772 681 1799; x_wconf 86' lang='lat' dir='ltr'>RESOLVES</span> <span class='ocrx_word' id='word_1_301' title='bbox 715 1770 750 1798; x_wconf 89' lang='lat'>10</span> <span class='ocrx_word' id='word_1_302' title='bbox 778 1764 822 1798; x_wconf 89' lang='lat' dir='ltr'>In</span> <span class='ocrx_word' id='word_1_303' title='bbox 848 1764 982 1798; x_wconf 89' lang='lat' dir='ltr'>eodem</span> <span class='ocrx_word' id='word_1_304' title='bbox 1008 1771 1093 1799; x_wconf 84' lang='lat' dir='ltr'>actu</span> <span class='ocrx_word' id='word_1_305' title='bbox 1121 1764 1277 1798; x_wconf 86' lang='lat' dir='ltr'>inveniri</span> <span class='ocrx_word' id='word_1_306' title='bbox 1296 1776 1407 1809; x_wconf 82' lang='lat' dir='ltr'>posse</span> <span class='ocrx_word' id='word_1_307' title='bbox 1426 1766 1562 1800; x_wconf 84' lang='lat' dir='ltr'><em>volun-</em></span> 
     </span>
     <span class='ocr_line' id='line_1_34' title="bbox 163 1812 1560 1857; baseline 0.002 -14"><span class='ocrx_word' id='word_1_308' title='bbox 163 1812 304 1844; x_wconf 71' lang='lat' dir='ltr'>tarium</span> <span class='ocrx_word' id='word_1_309' title='bbox 321 1822 362 1844; x_wconf 87' lang='grc'>111</span> <span class='ocrx_word' id='word_1_310' title='bbox 379 1822 424 1854; x_wconf 85' lang='lat' dir='ltr'>se,</span> <span class='ocrx_word' id='word_1_311' title='bbox 444 1818 480 1845; x_wconf 89' lang='lat' dir='ltr'>et</span> <span class='ocrx_word' id='word_1_312' title='bbox 509 1823 549 1845; x_wconf 83' lang='lat' dir='ltr'>m</span> <span class='ocrx_word' id='word_1_313' title='bbox 574 1822 697 1854; x_wconf 79' lang='lat' dir='ltr'>causa,</span> <span class='ocrx_word' id='word_1_314' title='bbox 717 1817 829 1855; x_wconf 78' lang='lat' dir='ltr'>atque</span> <span class='ocrx_word' id='word_1_315' title='bbox 855 1812 1160 1845; x_wconf 78' lang='lat' dir='ltr'>z&#39;nvoluntanum</span> <span class='ocrx_word' id='word_1_316' title='bbox 1178 1818 1256 1846; x_wconf 90' lang='lat' dir='ltr'>turn</span> <span class='ocrx_word' id='word_1_317' title='bbox 1268 1812 1465 1857; x_wconf 29' lang='lat' dir='ltr'>przwvatzve</span> <span class='ocrx_word' id='word_1_318' title='bbox 1482 1819 1560 1847; x_wconf 87' lang='lat' dir='ltr'>tum</span> 
     </span>
     <span class='ocr_line' id='line_1_35' title="bbox 155 1856 1054 1902; baseline 0.001 -12"><span class='ocrx_word' id='word_1_319' title='bbox 155 1858 319 1901; x_wconf 68' lang='lat' dir='ltr'>poszlzvc</span> <span class='ocrx_word' id='word_1_320' title='bbox 337 1858 421 1900; x_wconf 87' lang='lat' dir='ltr'>(seu</span> <span class='ocrx_word' id='word_1_321' title='bbox 439 1858 642 1901; x_wconf 79' lang='lat' dir='ltr'>contrarie)</span> <span class='ocrx_word' id='word_1_322' title='bbox 662 1864 863 1902; x_wconf 86' lang='lat' dir='ltr'>sumptum.</span> <span class='ocrx_word' id='word_1_323' title='bbox 892 1856 967 1900; x_wconf 86' lang='lat'>[873</span> <span class='ocrx_word' id='word_1_324' title='bbox 990 1864 1035 1891; x_wconf 93' lang='lat'>10</span> <span class='ocrx_word' id='word_1_325' title='bbox 1040 1857 1054 1902; x_wconf 92' lang='lat'>]</span> 
     </span>
    </p>

    <p class='ocr_par' dir='ltr' id='par_1_8' title="bbox 161 1904 1559 2044">
     <span class='ocr_line' id='line_1_36' title="bbox 210 1904 1559 1950; baseline 0.001 -12"><span class='ocrx_word' id='word_1_326' title='bbox 210 1909 250 1937; x_wconf 88' lang='lat'>20</span> <span class='ocrx_word' id='word_1_327' title='bbox 272 1904 410 1938; x_wconf 88' lang='lat' dir='ltr'>Actum</span> <span class='ocrx_word' id='word_1_328' title='bbox 440 1915 550 1948; x_wconf 84' lang='lat' dir='ltr'>posse</span> <span class='ocrx_word' id='word_1_329' title='bbox 580 1905 801 1949; x_wconf 43' lang='grc' dir='ltr'><em>,ςι1Η11ρἰ11ίεν</em></span> <span class='ocrx_word' id='word_1_330' title='bbox 825 1906 1086 1939; x_wconf 73' lang='lat' dir='ltr'>voluntarium</span> <span class='ocrx_word' id='word_1_331' title='bbox 1117 1916 1212 1945; x_wconf 84' lang='lat' dir='ltr'>esse,</span> <span class='ocrx_word' id='word_1_332' title='bbox 1243 1905 1309 1948; x_wconf 84' lang='lat' dir='ltr'>(et,</span> <span class='ocrx_word' id='word_1_333' title='bbox 1329 1904 1366 1939; x_wconf 90' lang='lat' dir='ltr'>in</span> <span class='ocrx_word' id='word_1_334' title='bbox 1385 1917 1423 1940; x_wconf 91' lang='lat' dir='ltr'>re</span> <span class='ocrx_word' id='word_1_335' title='bbox 1441 1907 1559 1950; x_wconf 86' lang='lat' dir='ltr'>gravi,</span> 
     </span>
     <span class='ocr_line' id='line_1_37' title="bbox 162 1949 1559 1994; baseline 0.001 -10.001"><span class='ocrx_word' id='word_1_336' title='bbox 162 1949 322 1993; x_wconf 82' lang='lat' dir='ltr'>glaviter</span> <span class='ocrx_word' id='word_1_337' title='bbox 350 1950 678 1994; x_wconf 83' lang='lat' dir='ltr'>peccaminosum3)</span> <span class='ocrx_word' id='word_1_338' title='bbox 705 1950 774 1985; x_wconf 89' lang='lat' dir='ltr'>etsi</span> <span class='ocrx_word' id='word_1_339' title='bbox 805 1951 913 1985; x_wconf 86' lang='lat' dir='ltr'>simul</span> <span class='ocrx_word' id='word_1_340' title='bbox 948 1952 994 1986; x_wconf 78' lang='lat' dir='ltr'>sit</span> <span class='ocrx_word' id='word_1_341' title='bbox 1027 1953 1330 1985; x_wconf 73' lang='lat' dir='ltr'>znvolzmtarium</span> <span class='ocrx_word' id='word_1_342' title='bbox 1359 1954 1559 1986; x_wconf 76' lang='lat' dir='ltr'>secundum</span> 
     </span>
     <span class='ocr_line' id='line_1_38' title="bbox 161 1997 1556 2044; baseline 0.002 -14"><span class='ocrx_word' id='word_1_343' title='bbox 161 1997 263 2041; x_wconf 78' lang='lat' dir='ltr'><em>quzd.</em></span> <span class='ocrx_word' id='word_1_344' title='bbox 315 1997 542 2041; x_wconf 84' lang='lat' dir='ltr'>Hujusmocli</span> <span class='ocrx_word' id='word_1_345' title='bbox 560 2005 685 2032; x_wconf 89' lang='lat' dir='ltr'>tamen</span> <span class='ocrx_word' id='word_1_346' title='bbox 705 1997 990 2032; x_wconf 88' lang='lat' dir='ltr'>involuntarium</span> <span class='ocrx_word' id='word_1_347' title='bbox 1011 2005 1204 2042; x_wconf 88' lang='lat' dir='ltr'>peccatum</span> <span class='ocrx_word' id='word_1_348' title='bbox 1225 1998 1365 2032; x_wconf 87' lang='lat' dir='ltr'>minuit.</span> <span class='ocrx_word' id='word_1_349' title='bbox 1396 1998 1468 2041; x_wconf 88' lang='lat'>[873</span> <span class='ocrx_word' id='word_1_350' title='bbox 1487 2000 1556 2044; x_wconf 89' lang='lat'>2⁰.]</span> 
     </span>
    </p>

    <p class='ocr_par' dir='ltr' id='par_1_9' title="bbox 163 2043 1557 2136">
     <span class='ocr_line' id='line_1_39' title="bbox 210 2043 1557 2087; baseline 0.003 -11"><span class='ocrx_word' id='word_1_351' title='bbox 210 2048 259 2086; x_wconf 83' lang='lat'>30.</span> <span class='ocrx_word' id='word_1_352' title='bbox 285 2043 544 2078; x_wconf 86' lang='lat' dir='ltr'>Voluntarium</span> <span class='ocrx_word' id='word_1_353' title='bbox 561 2045 736 2082; x_wconf 70' lang='lat' dir='ltr'>vertuale,</span> <span class='ocrx_word' id='word_1_354' title='bbox 755 2055 830 2078; x_wconf 92' lang='lat' dir='ltr'>non</span> <span class='ocrx_word' id='word_1_355' title='bbox 849 2051 973 2079; x_wconf 81' lang='lat' dir='ltr'>autem</span> <span class='ocrx_word' id='word_1_356' title='bbox 991 2045 1189 2087; x_wconf 72' lang='lat' dir='ltr'>luw&#39;z&#39;tuale,</span> <span class='ocrx_word' id='word_1_357' title='bbox 1205 2045 1371 2079; x_wconf 85' lang='lat' dir='ltr'>sufficere</span> <span class='ocrx_word' id='word_1_358' title='bbox 1386 2046 1433 2079; x_wconf 89' lang='lat' dir='ltr'>ad</span> <span class='ocrx_word' id='word_1_359' title='bbox 1452 2052 1557 2080; x_wconf 86' lang='lat' dir='ltr'>actus</span> 
     </span>
     <span class='ocr_line' id='line_1_40' title="bbox 163 2089 1556 2136; baseline 0.001 -13"><span class='ocrx_word' id='word_1_360' title='bbox 163 2089 394 2124; x_wconf 86' lang='lat' dir='ltr'>validitatem</span> <span class='ocrx_word' id='word_1_361' title='bbox 412 2098 473 2124; x_wconf 88' lang='lat' dir='ltr'>aut</span> <span class='ocrx_word' id='word_1_362' title='bbox 492 2090 741 2125; x_wconf 85' lang='lat' dir='ltr'>moralitatem</span> <span class='ocrx_word' id='word_1_363' title='bbox 757 2101 765 2132; x_wconf 85' lang='lat'>3</span> <span class='ocrx_word' id='word_1_364' title='bbox 795 2102 865 2134; x_wconf 78' lang='grc' dir='ltr'><strong>ν.3.</strong></span> <span class='ocrx_word' id='word_1_365' title='bbox 885 2091 921 2124; x_wconf 83' lang='grc' dir='ltr'>ἰη</span> <span class='ocrx_word' id='word_1_366' title='bbox 939 2090 1108 2126; x_wconf 87' lang='lat' dir='ltr'>ministro</span> <span class='ocrx_word' id='word_1_367' title='bbox 1127 2092 1360 2125; x_wconf 84' lang='lat' dir='ltr'>sacramenti.</span> <span class='ocrx_word' id='word_1_368' title='bbox 1400 2091 1473 2135; x_wconf 82' lang='lat'>[873</span> <span class='ocrx_word' id='word_1_369' title='bbox 1491 2094 1556 2136; x_wconf 85' lang='lat'><strong>30.]</strong></span> 
     </span>
    </p>

    <p class='ocr_par' dir='ltr' id='par_1_10' title="bbox 159 2137 1556 2416">
     <span class='ocr_line' id='line_1_41' title="bbox 208 2137 1555 2190; baseline 0.002 -20"><span class='ocrx_word' id='word_1_370' title='bbox 208 2142 313 2178; x_wconf 80' lang='lat'>40-70</span> <span class='ocrx_word' id='word_1_371' title='bbox 338 2137 597 2171; x_wconf 85' lang='lat' dir='ltr'>Voluntarium</span> <span class='ocrx_word' id='word_1_372' title='bbox 616 2137 804 2171; x_wconf 70' lang='lat' dir='ltr'>habituale</span> <span class='ocrx_word' id='word_1_373' title='bbox 817 2137 985 2172; x_wconf 88' lang='lat' dir='ltr'>sufficere</span> <span class='ocrx_word' id='word_1_374' title='bbox 1004 2149 1114 2190; x_wconf 82' lang='lat' dir='ltr'>posse</span> <span class='ocrx_word' id='word_1_375' title='bbox 1133 2139 1169 2172; x_wconf 90' lang='lat' dir='ltr'>in</span> <span class='ocrx_word' id='word_1_376' title='bbox 1188 2145 1423 2173; x_wconf 84' lang='lat' dir='ltr'>sacramento</span> <span class='ocrx_word' id='word_1_377' title='bbox 1442 2140 1555 2174; x_wconf 86' lang='lat' dir='ltr'>susci-</span> 
     </span>
     <span class='ocr_line' id='line_1_42' title="bbox 161 2183 1558 2229; baseline 0.001 -12"><span class='ocrx_word' id='word_1_378' title='bbox 161 2183 310 2227; x_wconf 86' lang='lat' dir='ltr'>piendo.</span> <span class='ocrx_word' id='word_1_379' title='bbox 362 2184 483 2218; x_wconf 82' lang='lat' dir='ltr'>Immo</span> <span class='ocrx_word' id='word_1_380' title='bbox 513 2184 680 2218; x_wconf 82' lang='lat' dir='ltr'>sufficere</span> <span class='ocrx_word' id='word_1_381' title='bbox 716 2191 837 2229; x_wconf 86' lang='lat' dir='ltr'>potest</span> <span class='ocrx_word' id='word_1_382' title='bbox 867 2183 1014 2218; x_wconf 81' lang='lat' dir='ltr'>etiamsi</span> <span class='ocrx_word' id='word_1_383' title='bbox 1049 2184 1094 2219; x_wconf 84' lang='lat' dir='ltr'>sit</span> <span class='ocrx_word' id='word_1_384' title='bbox 1129 2192 1243 2219; x_wconf 85' lang='lat' dir='ltr'>tantu</span> <span class='ocrx_word' id='word_1_385' title='bbox 1239 2197 1273 2219; x_wconf 71' lang='grc' dir='ltr'>,ῃ</span> <span class='ocrx_word' id='word_1_386' title='bbox 1305 2186 1558 2229; x_wconf 70' lang='lat' dir='ltr'>z&#39;&#39;·‘;mpluztzcm</span> 
     </span>
     <span class='ocr_line' id='line_1_43' title="bbox 161 2230 1556 2277; baseline 0.002 -13"><span class='ocrx_word' id='word_1_387' title='bbox 161 2242 193 2263; x_wconf 90' lang='grc' dir='ltr'>ν.</span> <span class='ocrx_word' id='word_1_388' title='bbox 197 2241 230 2273; x_wconf 93' lang='grc'>3.</span> <span class='ocrx_word' id='word_1_389' title='bbox 251 2230 286 2264; x_wconf 90' lang='lat' dir='ltr'>in</span> <span class='ocrx_word' id='word_1_390' title='bbox 305 2236 470 2265; x_wconf 86' lang='lat' dir='ltr'>extrema</span> <span class='ocrx_word' id='word_1_391' title='bbox 489 2231 681 2265; x_wconf 83' lang='lat' dir='ltr'>unctione:</span> <span class='ocrx_word' id='word_1_392' title='bbox 710 2238 875 2265; x_wconf 85' lang='lat' dir='ltr'>attamen</span> <span class='ocrx_word' id='word_1_393' title='bbox 904 2242 951 2265; x_wconf 89' lang='lat' dir='ltr'>ne</span> <span class='ocrx_word' id='word_1_394' title='bbox 977 2231 1014 2265; x_wconf 91' lang='lat' dir='ltr'>in</span> <span class='ocrx_word' id='word_1_395' title='bbox 1043 2231 1115 2266; x_wconf 89' lang='lat' dir='ltr'>hoc</span> <span class='ocrx_word' id='word_1_396' title='bbox 1133 2232 1283 2277; x_wconf 88' lang='lat' dir='ltr'>quidem</span> <span class='ocrx_word' id='word_1_397' title='bbox 1302 2243 1390 2266; x_wconf 84' lang='lat' dir='ltr'>casu</span> <span class='ocrx_word' id='word_1_398' title='bbox 1422 2232 1556 2267; x_wconf 88' lang='lat' dir='ltr'>sufficit</span> 
     </span>
     <span class='ocr_line' id='line_1_44' title="bbox 159 2276 1556 2328; baseline 0.002 -18"><span class='ocrx_word' id='word_1_399' title='bbox 159 2276 477 2328; x_wconf 79' lang='lat' dir='ltr'>interpretativum</span> <span class='ocrx_word' id='word_1_400' title='bbox 498 2277 804 2317; x_wconf 57' lang='lat' dir='ltr'>cona&#39;ztit&#39;‚cuzatum3</span> <span class='ocrx_word' id='word_1_401' title='bbox 824 2277 889 2312; x_wconf 88' lang='lat' dir='ltr'>sed</span> <span class='ocrx_word' id='word_1_402' title='bbox 908 2284 1053 2312; x_wconf 83' lang='lat' dir='ltr'>tantum</span> <span class='ocrx_word' id='word_1_403' title='bbox 1079 2279 1314 2319; x_wconf 49' lang='grc' dir='ltr'>αῇςιὴῖιιίῑιυῃ</span> <span class='ocrx_word' id='word_1_404' title='bbox 1340 2286 1376 2313; x_wconf 90' lang='lat' dir='ltr'>et</span> <span class='ocrx_word' id='word_1_405' title='bbox 1403 2279 1556 2324; x_wconf 89' lang='lat' dir='ltr'>quidem</span> 
     </span>
     <span class='ocr_line' id='line_1_45' title="bbox 160 2323 1554 2369; baseline 0.003 -13"><span class='ocrx_word' id='word_1_406' title='bbox 160 2323 190 2357; x_wconf 87' lang='lat' dir='ltr'>si</span> <span class='ocrx_word' id='word_1_407' title='bbox 209 2324 393 2363; x_wconf 80' lang='lat' dir='ltr'>voluntas,</span> <span class='ocrx_word' id='word_1_408' title='bbox 404 2334 498 2367; x_wconf 78' lang='lat' dir='ltr'>quae</span> <span class='ocrx_word' id='word_1_409' title='bbox 517 2325 773 2367; x_wconf 80' lang='lat' dir='ltr'>praesumitur,</span> <span class='ocrx_word' id='word_1_410' title='bbox 793 2324 915 2368; x_wconf 71' lang='lat' dir='ltr'>reipsa</span> <span class='ocrx_word' id='word_1_411' title='bbox 931 2325 1081 2367; x_wconf 88' lang='lat' dir='ltr'>(saltem</span> <span class='ocrx_word' id='word_1_412' title='bbox 1101 2325 1183 2359; x_wconf 53' lang='lat' dir='ltr'>habs</span> <span class='ocrx_word' id='word_1_413' title='bbox 1177 2325 1324 2369; x_wconf 62' lang='grc' dir='ltr'><em>1ίιιαί1ζς)</em></span> <span class='ocrx_word' id='word_1_414' title='bbox 1338 2337 1413 2360; x_wconf 90' lang='lat' dir='ltr'>non</span> <span class='ocrx_word' id='word_1_415' title='bbox 1431 2326 1554 2367; x_wconf 87' lang='lat' dir='ltr'>adest,</span> 
     </span>
     <span class='ocr_line' id='line_1_46' title="bbox 162 2370 1085 2416; baseline 0.003 -13"><span class='ocrx_word' id='word_1_416' title='bbox 162 2379 435 2404; x_wconf 79' lang='lat' dir='ltr'>sacramentum</span> <span class='ocrx_word' id='word_1_417' title='bbox 458 2371 617 2405; x_wconf 72' lang='lat' dir='ltr'>invalide</span> <span class='ocrx_word' id='word_1_418' title='bbox 636 2371 832 2405; x_wconf 78' lang='lat' dir='ltr'>confertur.</span> <span class='ocrx_word' id='word_1_419' title='bbox 860 2370 933 2414; x_wconf 80' lang='lat'>[873</span> <span class='ocrx_word' id='word_1_420' title='bbox 959 2370 1085 2416; x_wconf 82' lang='lat'>40-70.]</span> 
     </span>
    </p>

    <p class='ocr_par' dir='ltr' id='par_1_11' title="bbox 160 2417 1553 2603">
     <span class='ocr_line' id='line_1_47' title="bbox 210 2417 1552 2462; baseline 0.003 -12"><span class='ocrx_word' id='word_1_421' title='bbox 210 2417 258 2450; x_wconf 85' lang='lat'>80.</span> <span class='ocrx_word' id='word_1_422' title='bbox 285 2417 543 2451; x_wconf 76' lang='lat' dir='ltr'>Voluntaiium</span> <span class='ocrx_word' id='word_1_423' title='bbox 585 2418 902 2462; x_wconf 81' lang='lat' dir='ltr'>interpretativum</span> <span class='ocrx_word' id='word_1_424' title='bbox 936 2419 1039 2452; x_wconf 69' lang='lat' dir='ltr'>czaml</span> <span class='ocrx_word' id='word_1_425' title='bbox 1040 2420 1228 2452; x_wconf 66' lang='lat' dir='ltr'>‘tumulum</span> <span class='ocrx_word' id='word_1_426' title='bbox 1262 2430 1336 2453; x_wconf 90' lang='lat' dir='ltr'>non</span> <span class='ocrx_word' id='word_1_427' title='bbox 1372 2419 1552 2459; x_wconf 84' lang='lat' dir='ltr'>sufficere,</span> 
     </span>
     <span class='ocr_line' id='line_1_48' title="bbox 163 2463 1552 2510; baseline 0.003 -14"><span class='ocrx_word' id='word_1_428' title='bbox 163 2464 229 2497; x_wconf 86' lang='lat' dir='ltr'>sed</span> <span class='ocrx_word' id='word_1_429' title='bbox 257 2463 390 2508; x_wconf 84' lang='lat' dir='ltr'>requiri</span> <span class='ocrx_word' id='word_1_430' title='bbox 422 2464 642 2506; x_wconf 68' lang='lat' dir='ltr'>absolutum,</span> <span class='ocrx_word' id='word_1_431' title='bbox 664 2465 809 2509; x_wconf 65' lang='lat' dir='ltr'>quoties</span> <span class='ocrx_word' id='word_1_432' title='bbox 837 2464 1043 2509; x_wconf 83' lang='lat' dir='ltr'>requiratur</span> <span class='ocrx_word' id='word_1_433' title='bbox 1070 2477 1204 2500; x_wconf 77' lang='lat' dir='ltr'>conser</span> <span class='ocrx_word' id='word_1_434' title='bbox 1200 2477 1275 2499; x_wconf 82' lang='lat' dir='ltr'>sus</span> <span class='ocrx_word' id='word_1_435' title='bbox 1303 2466 1463 2509; x_wconf 87' lang='lat' dir='ltr'>alterius,</span> <span class='ocrx_word' id='word_1_436' title='bbox 1483 2478 1552 2510; x_wconf 90' lang='grc' dir='ltr'><strong>ν.3.</strong></span> 
     </span>
     <span class='ocr_line' id='line_1_49' title="bbox 160 2491 1553 2555; baseline 0.003 -12"><span class='ocrx_word' id='word_1_437' title='bbox 160 2510 208 2543; x_wconf 84' lang='lat' dir='ltr'>ad</span> <span class='ocrx_word' id='word_1_438' title='bbox 237 2509 532 2554; x_wconf 87' lang='lat' dir='ltr'>jurisdictionem</span> <span class='ocrx_word' id='word_1_439' title='bbox 562 2491 854 2546; x_wconf 70' lang='lat' dir='ltr'>conierendam:</span> <span class='ocrx_word' id='word_1_440' title='bbox 883 2511 1050 2545; x_wconf 82' lang='lat' dir='ltr'>sufficere</span> <span class='ocrx_word' id='word_1_441' title='bbox 1069 2523 1156 2546; x_wconf 68' lang='lat' dir='ltr'>xero</span> <span class='ocrx_word' id='word_1_442' title='bbox 1186 2513 1493 2555; x_wconf 64' lang='lat' dir='ltr'>condz&#39;fwnatmn,</span> <span class='ocrx_word' id='word_1_443' title='bbox 1522 2513 1553 2547; x_wconf 89' lang='lat' dir='ltr'>si</span> 
     </span>
     <span class='ocr_line' id='line_1_50' title="bbox 161 2557 1210 2603; baseline 0.004 -13"><span class='ocrx_word' id='word_1_444' title='bbox 161 2557 367 2601; x_wconf 89' lang='lat' dir='ltr'>requiratur</span> <span class='ocrx_word' id='word_1_445' title='bbox 384 2564 528 2592; x_wconf 78' lang='lat' dir='ltr'>tantum</span> <span class='ocrx_word' id='word_1_446' title='bbox 548 2565 586 2592; x_wconf 89' lang='lat' dir='ltr'>ut</span> <span class='ocrx_word' id='word_1_447' title='bbox 604 2558 696 2592; x_wconf 88' lang='lat' dir='ltr'>alter</span> <span class='ocrx_word' id='word_1_448' title='bbox 713 2569 789 2592; x_wconf 88' lang='lat' dir='ltr'>non</span> <span class='ocrx_word' id='word_1_449' title='bbox 809 2557 944 2592; x_wconf 79' lang='lat' dir='ltr'>invitus</span> <span class='ocrx_word' id='word_1_450' title='bbox 963 2558 1020 2592; x_wconf 84' lang='lat' dir='ltr'>sit.</span> <span class='ocrx_word' id='word_1_451' title='bbox 1052 2558 1124 2603; x_wconf 74' lang='lat'>[87‚</span> <span class='ocrx_word' id='word_1_452' title='bbox 1145 2560 1210 2602; x_wconf 86' lang='lat'><strong>80.]</strong></span> 
     </span>
    </p>
   </div>
  </div>
 </body>
</html>
