1716 2729
152 105 227 133 nn.
243 93 319 143 28;
345 103 411 144 31,
429 92 513 146 32]
595 93 647 133 de
665 91 847 133 Ambus
867 93 1106 135 Humanis.
1475 105 1558 146 203

151 207 257 248 boni
295 222 353 248 ex
391 221 562 261 genere,
599 208 675 261 qui
705 214 811 249 sunt
848 215 973 249 actus
1004 209 1178 250 virtutis
1237 241 1246 251 .
1309 225 1345 260 .;
1378 211 1559 263 quidam

150 290 255 317 vero
275 283 380 317 sunt
403 276 506 316 mali
530 290 588 316 ex
611 289 785 329 genere,
813 276 928 317 sicut
959 284 1085 318 actus
1116 278 1263 318 vitiosi
1324 308 1333 317 .
1395 292 1434 327 .;
1465 279 1560 331 qui-

150 346 255 386 dam
286 358 390 386 vero
422 351 525 386 sunt
556 350 681 385 actus
713 344 1054 386 indifferentes.’'
1117 346 1212 386 Nec
1235 352 1386 386 tamen
1409 346 1561 386 defue-

149 420 252 455 runt
275 414 384 462 TT.,
415 412 499 454 etsi
530 413 711 466 quidem
745 413 1012 466 paucissimi,
1041 414 1116 466 qui
1154 415 1211 463 id,
1249 414 1432 454 omnino
1454 427 1559 453 sane

151 489 306 524 contra
342 483 403 522 rei
440 482 688 530 veritatem,
726 489 965 535 negarent:
998 496 1131 535 quarn
1165 482 1433 523 sententiam
1466 481 1558 522 TT.

149 550 382 600 nonnulli,¹
434 551 779 592 reclamantibus
824 558 976 592 tamen
1017 550 1253 601 Scotistis,2
1292 551 1374 604 ipsi
1422 549 1560 590 Scoto

146 620 362 662 tribuunt.
692 628 696 631 '

208 697 305 742 592.
340 689 527 742 Insuper
561 690 605 740 3⁰
627 687 873 728 notandum
909 695 976 729 est
1000 689 1309 742 quaestionem
1343 701 1430 727 non
1463 700 1560 727 esse

149 770 205 798 an
223 765 362 807 actus,
378 757 446 798 vel
465 757 511 797 z'n
530 757 758 798 individuo
779 763 1020 810 spectatus,
1037 758 1178 810 possit
1195 770 1290 797 esse
1305 755 1561 796 indifferens

147 825 195 866 in
234 826 385 866 ordine
411 825 745 878 supernaturali.
823 826 1003 866 Etenim
1037 826 1220 866 omnino
1254 830 1430 865 constat
1461 838 1559 864 esse

145 900 270 935 actus
293 893 375 934 hac
412 895 584 934 ratione
621 893 933 942 indifferentes,
956 893 1031 946 qui
1069 907 1231 948 nempe
1254 907 1335 933 nec
1371 898 1557 947 peccata

145 963 245 1011 sint,
299 976 379 1003 nec
419 969 571 1003 tamen
616 969 869 1002 mereantur
909 963 1155 1015 praemium
1208 961 1556 1016 supernaturale.

147 1031 423 1084 Hujusmodi
445 1037 550 1072 sunt
587 1045 722 1084 opera
745 1030 971 1071 moraliter
1001 1031 1118 1072 bona
1141 1045 1255 1084 quae
1288 1031 1345 1071 ab
1369 1029 1555 1070 infideli-

144 1099 226 1140 bus
249 1099 373 1149 fiunt‚
394 1114 476 1153 vg.
501 1114 639 1153 quum
662 1099 853 1140 infidelis
884 1114 943 1140 ex
977 1100 1167 1140 naturali
1201 1100 1364 1141 affectu
1387 1099 1557 1139 miseri-

143 1169 321 1208 cordiae
358 1168 687 1221 eleemosynam
725 1168 921 1221 largitur.
983 1169 1110 1209 Haec
1148 1169 1280 1217 enim,
1302 1182 1440 1222 quum
1464 1181 1554 1208 non

144 1236 410 1289 proveniant
431 1249 489 1276 ex
511 1236 668 1289 gratia,
683 1250 797 1289 quae
821 1237 966 1278 meriti
989 1237 1183 1291 cujusvis
1207 1236 1556 1292 supernaturalis

144 1310 212 1345 est
234 1305 511 1358 principium,
535 1304 884 1358 supernaturalis
906 1307 1092 1359 praemii
1111 1307 1323 1347 meritorii
1347 1320 1442 1346 esse
1464 1319 1553 1347 non

143 1379 359 1426 possunt:
392 1387 535 1426 neque
556 1380 720 1422 tamen,
743 1386 880 1426 quum
913 1374 1002 1414 sint
1034 1375 1262 1415 moraliter
1298 1375 1427 1423 bona,
1451 1388 1554 1415 cen-

142 1442 227 1481 seri
269 1448 455 1494 possunt
497 1455 593 1482 esse
635 1447 847 1494 peccata;
895 1455 986 1495 quo
1026 1450 1199 1496 spectat
1242 1447 1315 1494 25³
1354 1458 1412 1483 ex
1455 1443 1551 1483 Baii

142 1509 520 1562 propositionibus
557 1523 582 1550 a
616 1509 662 1550 S.
691 1509 769 1549 Pio
803 1510 857 1551 V.
886 1516 930 1550 et
967 1525 992 1550 a
1026 1510 1242 1564 Gregorio
1265 1512 1401 1553 XIII.
1426 1512 1552 1552 dam-

142 1577 259 1617 natis
277 1580 369 1617 ;--“
394 1577 560 1618 Omnia
611 1591 747 1630 opera
799 1577 1045 1619 infidelium
1097 1587 1201 1620 sunt
1252 1587 1452 1634 peccata,
1506 1588 1551 1621 et

140 1645 328 1685 virtutes
350 1645 717 1699 philosophorum
740 1651 844 1686 sunt
864 1646 1028 1687 vitia.’'³
1089 1647 1279 1689 Constat
1301 1648 1435 1702 igitur
1456 1662 1553 1689 esse

140 1719 266 1754 actus
307 1713 392 1754 hoc
432 1728 562 1755 sensu
600 1715 903 1756 indifferentes
945 1716 987 1755 in
1023 1717 1176 1757 ordine
1208 1719 1548 1770 supernaturali,

140 1782 254 1822 adeo
276 1788 324 1822 ut
346 1783 550 1835 quaestio
581 1784 696 1824 inter
733 1783 989 1825 Catholicos
1023 1784 1094 1825 hic
1118 1799 1215 1825 esse
1250 1793 1443 1838 nequeat
1466 1787 1548 1827 nisi

140 1851 196 1891 de
218 1851 390 1892 actibus
412 1852 765 1899 indifferentibus
787 1853 829 1893 in
863 1854 1016 1894 ordine
1049 1854 1258 1903 naturali,
1280 1855 1355 1907 qui
1387 1869 1549 1909 nempe

141 1932 220 1959 nec
243 1919 468 1960 moraliter
486 1920 589 1961 boni
611 1922 700 1961 sint
723 1935 803 1961 nec
826 1921 944 1961 mali.

200 1995 295 2038 593.
331 1987 712 2029 Praemittendum
735 1996 802 2030 est
833 1992 880 2040 4⁰
902 1991 1172 2031 sententiam
1197 1991 1546 2042 Thomistarum,

139 2055 228 2108 qui,
245 2061 293 2095 ut
323 2055 417 2108 jam
441 2057 609 2097 dictum
633 2064 711 2105 est,
735 2059 984 2110 quaestioni
1023 2060 1296 2113 respondent
1328 2061 1549 2113 negative,

137 2124 322 2165 omnino
362 2125 406 2164 in
449 2139 501 2165 eo
553 2126 680 2166 inniti
731 2127 852 2179 quod
894 2135 1180 2181 propugnent
1223 2129 1544 2182 obligationem

185 2252 291 2284 ¹Vid.
321 2265 391 2295 νς.
422 2255 567 2296 StruggL
594 2256 764 2296 medegia
791 2256 1001 2296 Dogmatica,
1033 2257 1110 2288 Part
1141 2265 1170 2288 ι.
1200 2264 1295 2289 tract.
1324 2259 1366 2290 iv.
1394 2259 1481 2300 disp.
1509 2269 1543 2299 4.

141 2302 272 2338 quaest.
292 2305 322 2328 2.
339 2303 399 2329 art.
417 2298 437 2328 i.
455 2309 487 2329 n.
504 2299 544 2329 6:
572 2299 725 2334 Billuart,
753 2299 859 2330 Tract.
879 2300 918 2330 de
930 2301 1004 2331 Act.
1023 2301 1210 2338 Humanis,
1230 2302 1319 2333 Diss,
1338 2311 1370 2338 4.
1390 2309 1449 2334 art.
1467 2309 1500 2343 5.

183 2340 196 2359 2
209 2340 286 2371 Vid.
306 2350 375 2382 v.g.
396 2342 531 2378 Henno,
559 2343 614 2373 Tr.
633 2343 670 2373 dc
686 2345 761 2373 Act.
781 2343 964 2380 Humanis,
985 2343 1072 2374 Dist.
1090 2352 1120 2384 3.
1140 2353 1266 2386 quaest.
1284 2345 1316 2376 6.
1338 2346 1390 2377 De
1405 2346 1457 2377 his
1473 2347 1541 2378 vid.

137 2383 240 2414 etiam
259 2384 392 2422 Suarez,
418 2385 474 2416 Tr.
494 2386 531 2416 de
544 2385 698 2417 Bam'lale
713 2391 741 2417 el
758 2386 899 2417 Malitia
913 2388 990 2418 Act.
1010 2387 1260 2426 Humanarum,
1282 2389 1379 2431 Disp.
1395 2398 1425 2429 9.
1440 2401 1505 2421 sec.
1521 2391 1545 2421 i.

137 2437 170 2457 n.
187 2435 217 2457 2·

181 2470 194 2488 3
211 2471 264 2501 De
280 2480 346 2511 quo
364 2471 432 2502 vid.
450 2482 518 2512 v.g.
536 2472 689 2503 Perrone.
708 2473 815 2505 Prael.
843 2474 961 2512 Theol„
984 2474 1041 2504 Tr.
1050 2473 1087 2504 dc
1107 2474 1235 2511 Gratia,
1251 2485 1282 2505 n.
1303 2474 1381 2515 138:
1395 2477 1542 2518 Muwny,

143 2513 207 2544 Tr.
233 2514 270 2544 a'e
302 2514 434 2552 Gratia,
462 2515 561 2556 Disp.
587 2516 630 2545 vi.
662 2526 718 2546 nn.
753 2525 803 2557 13,
827 2516 879 2557 87,
904 2517 971 2557 89;
1005 2517 1196 2558 Scbouppe,
1224 2519 1400 2559 Comperta.
1434 2520 1545 2552 leeol.

138 2557 275 2597 Dogm„
299 2556 357 2589 Tr.
377 2566 409 2598 9,
430 2559 482 2589 Dc
499 2559 625 2594 Gratza,
643 2569 674 2589 n.
696 2566 766 2600 135.
