1716 2729
205 69 277 96 nn.
304 54 389 111 29]
691 55 742 96 de
761 55 946 97 Actibus
965 55 1200 96 Humanis.
1540 54 1617 105 183

204 172 374 212 ratione
411 172 546 212 habet
580 171 818 211 utilitatem
843 170 899 210 ad
937 170 1071 211 finem
1095 171 1343 211 intentum:
1381 184 1486 223 ergo
1508 176 1615 211 tunc

202 239 409 289 honestas,
429 255 516 293 qua
536 246 602 281 est
620 240 735 289 talis,
759 245 824 279 est
848 238 955 279 mihi
978 240 1133 280 directe
1151 239 1402 280 voluntaria
1462 272 1468 279 .

202 307 304 348 licet
341 321 428 348 non
462 308 504 347 in
542 321 593 348 ea
630 307 725 348 sola
746 308 917 357 sistam,
948 307 1026 347 sed
1064 307 1184 347 illam
1221 308 1355 347 etiam
1388 309 1443 347 ad
1478 307 1610 347 aliam

202 377 454 417 ulteriorem
471 377 751 416 honestatem
775 376 1025 416 ordinando
1045 390 1054 415 :
1087 376 1194 428 quid
1218 375 1352 427 igitur
1375 376 1548 424 mirum,
1574 375 1608 414 si

200 450 306 485 tunc
340 445 536 485 medium
566 444 674 484 illud
708 443 874 484 tribuat
910 443 1158 484 bonitatem
1196 444 1347 483 actui?
1412 444 1513 483 Non
1550 444 1610 483 ita

200 515 418 567 contingit
440 515 483 554 in
506 515 700 555 secunda
723 514 939 554 electione
959 527 969 563 ;
1002 514 1106 566 quia
1128 513 1171 552 in
1196 526 1247 552 eo
1271 525 1372 553 casu
1397 513 1608 551 honestas

198 583 521 636 temperantiae
542 588 609 622 est
640 582 932 635 impertinens
954 582 1010 622 ad
1048 581 1181 621 finem
1205 581 1426 620 intentum
1446 595 1455 628 3
1491 581 1609 619 unde

198 652 371 692 etiamsi
394 658 511 699 voto,
534 657 610 690 aut
632 650 718 690 alia
741 651 911 690 ratione
932 649 1189 690 hominibus
1211 649 1396 695 occulta,
1420 655 1536 688 esset
1557 661 1608 687 ea

197 721 410 760 comestio
432 720 502 759 hic
520 725 563 759 et
586 732 702 759 nunc
726 718 889 768 illicita,
913 719 1120 758 retineret
1141 724 1291 758 tamen
1315 724 1457 758 totam
1480 730 1605 757 suam

197 788 434 829 utilitatem
458 787 514 827 ad
532 786 665 826 finem
684 785 807 825 illum
833 786 935 825 boni
953 786 1143 826 nominis
1161 799 1308 826 coram
1328 786 1580 825 hominibus
1599 800 1608 832 3

197 870 302 909 ergo
324 856 372 896 ob
401 869 496 896 enm
516 857 656 909 finem
694 869 777 896 non
808 862 989 895 amatur
1017 869 1068 895 ea
1099 855 1296 895 honestas
1346 885 1354 893 .
1409 887 1416 895 .
1470 888 1477 895 .
1528 854 1606 894 sed

195 925 377 965 omnino
400 939 478 978 per
509 926 712 965 accidens
744 938 790 965 se
812 924 975 964 habet:
1009 924 1114 977 quid
1140 938 1245 977 ergo
1269 925 1439 972 mirum,
1462 924 1495 963 si
1520 937 1607 963 non

196 992 329 1034 faciat
352 993 475 1034 illum
499 1000 648 1034 actum
672 994 919 1034 virtuosum
937 997 954 1034 ?
972 992 992 1008 '¹

255 1072 349 1115 512.
385 1065 581 1117 Insuper,
605 1070 654 1104 ut
690 1078 730 1103 n.
768 1065 864 1115 506.
889 1063 1059 1104 dictum
1091 1069 1171 1111 est,
1195 1063 1470 1112 Thomistae‚
1504 1076 1603 1102 cum

192 1134 287 1175 aliis
310 1135 543 1185 nonnullis,
566 1136 728 1176 docent
764 1135 1019 1188 hujusmodi
1042 1141 1192 1175 actum
1215 1149 1238 1175 e
1260 1135 1480 1176 contrario
1510 1149 1607 1175 esse

194 1203 372 1243 malum.

253 1280 346 1323 513.
379 1271 641 1312 Thomistae
664 1272 844 1325 quidem
869 1272 930 1312 ita
952 1272 1115 1312 docent
1136 1272 1395 1325 praesertim
1419 1274 1534 1325 quia,
1559 1280 1606 1313 ut

190 1339 303 1379 infra
323 1339 576 1391 videbitur,l
598 1346 884 1393 propugnant
905 1340 1129 1380 hominem
1154 1340 1307 1388 teneri,
1331 1341 1373 1379 in
1397 1342 1603 1382 omnibus

190 1409 362 1450 actibus
385 1410 657 1460 deliberatis,
683 1423 813 1463 agere
835 1410 893 1451 ob
915 1410 1048 1450 finem
1074 1410 1297 1450 moraliter
1318 1412 1498 1451 bonum.

251 1486 345 1529 514.
379 1478 571 1519 Accedit
607 1479 694 1519 alia
728 1479 851 1527 ratio,
888 1493 976 1532 qua
1012 1479 1193 1532 quidem
1230 1479 1357 1519 unice
1400 1480 1602 1520 nituntur

192 1546 358 1586 Henno
387 1553 431 1586 et
465 1547 538 1586 alii
560 1561 584 1587 e
606 1546 758 1587 schola
797 1547 1108 1601 Scotistarum,
1131 1548 1205 1600 qui
1228 1561 1330 1587 cum
1353 1547 1599 1588 Thomistis

187 1614 259 1654 hic
312 1616 607 1661 consentiunt,
663 1616 756 1664 etsi,
799 1622 848 1656 ut
899 1629 959 1656 ex
1001 1615 1115 1656 infra
1156 1614 1373 1657 dicendis²
1415 1616 1600 1669 patebit,

188 1683 403 1723 rationem
437 1684 771 1724 Thomistarum
802 1684 897 1736 jam
935 1684 1116 1724 allatam
1159 1686 1342 1725 omnino
1384 1686 1596 1738 rejiciunt.

189 1751 398 1793 Secundo
436 1753 568 1805 igitur
599 1753 776 1806 probari
799 1754 912 1794 solet
948 1753 1058 1793 haec
1096 1754 1298 1794 doctrina
1321 1768 1378 1794 ex
1402 1770 1454 1795 eo
1476 1756 1596 1808 quod

188 1820 509 1861 “deordinatio
543 1828 609 1861 est
643 1822 823 1874 quando
861 1836 949 1862 non
991 1828 1058 1862 est
1099 1823 1327 1875 proportio
1371 1824 1503 1864 medii
1539 1825 1595 1865 ad

186 1887 331 1939 finem,
353 1903 429 1929 seu
451 1891 631 1942 quando
654 1891 710 1930 ad
740 1890 873 1931 finem
907 1891 1158 1931 inferiorem
1192 1891 1376 1932 refertur
1398 1893 1593 1933 medium

184 1957 384 2009 superius
416 1963 459 1998 et
494 1959 681 2008 melius3
713 1958 847 2011 juxta
879 1960 1072 2008 axioma,
1103 1959 1297 2000 ‘Bonum
1334 1961 1475 2013 vmjzts
1512 1976 1593 2001 non

183 2024 554 2066 snbordz'ncmdmn
586 2034 649 2067 est
668 2027 770 2067 bono
801 2027 1010 2075 minori',·
1042 2030 1163 2080 quod
1202 2043 1227 2069 a
1250 2029 1413 2069 fortiori
1439 2030 1593 2070 currrit

184 2093 225 2132 in
250 2095 469 2146 praesenti
493 2109 608 2144 casu,
631 2096 674 2135 in
697 2109 786 2147 quo
809 2096 851 2136 id
874 2098 994 2149 quod
1027 2103 1094 2137 est
1126 2097 1292 2137 bonum
1326 2098 1510 2138 refertur
1532 2098 1587 2137 ad

185 2161 227 2200 id
250 2162 370 2213 quod
394 2175 481 2202 non
516 2169 583 2203 est
616 2163 797 2213 bonum,
819 2177 903 2216 vg.
941 2165 1210 2217 processioni
1247 2179 1396 2205 sacrae
1433 2166 1589 2206 adesse

183 2229 239 2269 ad
262 2230 707 2272 deambulandum.”³

227 2369 233 2390 ¹
253 2369 441 2403 Vid.inf1·a.
463 2382 518 2401 nu.
537 2379 610 2411 593.
637 2378 668 2403 et
684 2384 753 2414 seq.

224 2412 237 2432 2
261 2412 340 2443 Vid.
354 2413 450 2449 infra,
469 2425 526 2445 nn.
541 2415 620 2446 616.
643 2422 674 2447 et
698 2427 766 2458 seq.

180 2504 230 2530 art
257 2456 543 2540 Ιὲιιιὲἓέἑίἶὲιῐωοὶ.
574 2459 710 2498 Moral.,
749 2461 803 2490 Tr.
828 2462 866 2491 de
898 2463 973 2493 Act.
1000 2463 1186 2499 Humanss,
1216 2464 1507 2506 Disp.3.qu.1est.
1540 2467 1582 2498 xi.
