1716 2729
136 84 189 124 72
741 74 966 115 Tractatzts
1359 75 1452 130 [GU
1459 87 1533 127 RV,

78 213 81 215 -
138 189 253 229 Dub.
275 202 317 230 V.
352 195 433 229 art.
459 199 510 239 33
544 189 717 242 Sporer,
740 189 885 230 Tract.
924 199 959 240 5.
993 190 1050 230 In
1086 199 1119 241 5.
1143 190 1354 244 praecept.
1378 192 1534 241 Decal„

134 270 231 309 cap.
257 257 279 297 i.
304 262 410 296 sect.
445 267 467 307 3
491 271 500 307 ;
533 256 576 298 S.
610 256 759 309 Alph.,
790 257 885 297 Lib.
918 267 952 308 3.
980 263 1102 298 tract.
1123 258 1177 298 iii.
1211 258 1278 298 De
1306 259 1534 312 Praecepto

138 323 387 374 Clearz'tatz‘s,
413 324 528 364 Dub.
555 333 574 375 5
599 339 608 375 ;
643 323 777 376 Gury,
802 324 915 365 Part.
941 324 964 365 i.
988 338 1058 365 nn.
1093 336 1115 364 2
1124 336 1222 376 34-ae
1230 325 1309 377 56;
1344 326 1534 376 Laloux,

143 392 213 432 Tr.
247 392 299 432 de
330 393 424 432 Act.
456 392 605 442 Ham„
629 392 745 432 Diss.
764 394 802 440 8,
832 399 965 445 atque
999 393 1043 433 in
1081 393 1316 444 Examine,
1338 395 1380 434 in
1416 394 1533 434 calce

133 459 331 512 ejusdem
354 461 498 513 operis
520 459 731 512 subjecto.

196 597 283 639 192.
309 584 586 630 Resolves,
609 589 647 624 1O
672 584 717 626 Si
740 598 869 625 causa
887 584 1071 638 alicujus
1089 585 1270 627 effectus
1286 586 1423 628 illiciti
1440 587 1535 639 ipsa

130 668 181 693 ex
198 668 243 694 se
263 654 417 694 illicita
448 660 527 702 est,
549 653 718 706 duplex
741 653 816 693 illa
852 653 1107 693 inhonestas
1140 660 1287 706 potest
1318 656 1466 707 agenti
1490 655 1533 694 in

131 719 307 772 culpam
344 719 563 772 imputari.
629 718 702 760 Sic
737 732 821 771 v-g.
855 720 931 771 qui
967 732 1014 758 se
1051 719 1238 759 inebriat
1274 720 1535 772 praevidens

131 787 372 840 periculum
395 787 623 827 homicidii
647 786 750 826 inde
782 786 1009 836 oriturum,
1032 786 1220 827 duorum
1254 794 1534 840 peccatorum

131 869 228 896 reus
270 862 348 905 est,
382 855 561 896 alterius
596 861 750 896 contra
796 854 1133 908 temperantiam,
1174 856 1243 896 cui
1277 857 1536 896 adversatur

129 924 329 972 ebrietas
361 924 541 964 alterius
573 929 729 964 contra
751 923 993 976 justinam,
1016 923 1084 962 cui
1119 924 1375 964 adversatur
1396 925 1535 964 horni-

130 991 323 1031 cidium.1
385 991 513 1040 Item,
537 992 626 1044 qui,
649 991 791 1031 sciens
823 997 867 1030 et
887 990 1055 1040 volens,
1080 1004 1157 1042 per
1178 997 1303 1031 actus
1335 991 1536 1044 frequen-r

127 1065 245 1099 tatos
311 1059 532 1098 contrahit
595 1058 977 1107 consuetudinem,
1039 1071 1124 1110 v.g.
1180 1058 1534 1111 blasphemandi,

129 1126 365 1178 dupliciter
385 1134 569 1179 peccat;
607 1127 765 1179 cuique
799 1126 917 1165 enim
950 1125 1166 1178 ejusmodi
1203 1127 1332 1174 actui,
1365 1133 1537 1178 praeter

130 1207 254 1234 suam
294 1194 520 1243 malitiam,
559 1196 673 1234 inest
711 1194 880 1233 malitia
921 1192 1166 1233 voluntarie
1207 1194 1536 1234 contrahendae

131 1263 465 1302 consuetudinis
516 1262 635 1301 unde
688 1261 908 1314 profluent
958 1261 1261 1313 blasphemiae
1307 1275 1420 1313 quae
1461 1262 1538 1302 vix

132 1329 322 1370 fortasse
361 1330 579 1369 numerari
618 1326 839 1381 possunt?
902 1329 1001 1368 Hae
1038 1330 1153 1368 duae
1183 1329 1389 1378 malitiae,
1424 1343 1538 1382 quae

131 1398 271 1438 eidem
311 1398 461 1438 virtuti
504 1397 727 1449 religionis
768 1398 1068 1446 adversantur,
1104 1397 1309 1437 dicuntur
1351 1397 1537 1450 ejusdem

132 1479 227 1506 esse
248 1465 399 1518 speciei
411 1481 430 1514 ‚·
453 1466 494 1505 in
520 1466 664 1518 priore
686 1471 834 1505 autem
851 1464 1072 1518 exemplo,
1089 1464 1294 1513 malitiae,
1311 1478 1448 1517 quum
1471 1465 1537 1505 di-

132 1534 267 1574 versis
283 1534 519 1574 virtutibus
542 1540 800 1586 repugnent,
822 1533 969 1585 speciei
987 1533 1193 1573 dicuntur
1214 1546 1310 1572 esse
1331 1533 1536 1573 diversae.

191 1605 233 1641 2⁰
267 1602 312 1643 Si
344 1616 476 1642 causa
499 1616 549 1641 ex
577 1615 620 1641 se
650 1608 717 1641 est
752 1607 928 1641 tantum
963 1600 1190 1640 venialiter
1217 1600 1379 1649 illicita,
1402 1607 1536 1652 atque

131 1670 284 1710 leviter
333 1677 506 1710 tantum
560 1670 604 1708 in
647 1668 853 1709 effectum
906 1668 1060 1717 influit,
1111 1668 1325 1720 obligatio
1376 1668 1433 1707 ab
1484 1681 1536 1707 ea

130 1738 381 1778 abstinendi
419 1743 486 1776 est
522 1743 698 1777 tantum
741 1736 858 1784 levis,
899 1749 974 1775 seu
1016 1736 1094 1775 sub
1131 1735 1325 1784 venialis
1370 1736 1533 1776 etenim

132 1805 324 1849 effectus,
349 1817 486 1857 quum
511 1817 598 1843 non
621 1804 676 1843 sit
699 1804 972 1843 voluntarius
996 1804 1077 1842 nisi
1102 1817 1146 1843 272
1166 1816 1308 1852 causa,
1330 1817 1456 1856 quae,
1477 1818 1535 1844 ex

133 1872 384 1925 hypothesi,
407 1873 560 1911 leviter
581 1877 755 1911 tantum
779 1872 821 1911 in
855 1885 954 1912 eum
978 1870 1131 1918 influit,
1154 1871 1351 1924 profecto
1383 1873 1536 1924 nequit

131 1954 226 1980 esse
268 1940 312 1979 in
354 1953 486 1979 causa
527 1939 758 1992 culpabilis
800 1940 881 1978 nisi
925 1939 1088 1988 leviter,
1129 1952 1204 1978 seu
1247 1938 1328 1978 sub
1364 1939 1536 1989 veniali,

132 2015 335 2058 tantum;
389 2022 477 2054 seu,
520 2008 615 2048 aliis
657 2007 812 2056 verbis,
854 2020 941 2047 non
983 2013 1130 2059 potest
1170 2019 1266 2046 esse
1307 2007 1389 2046 nisi
1430 2008 1535 2048 levis

132 2077 351 2129 obligatio
373 2076 623 2116 abstinendi
646 2076 882 2128 quominus
903 2088 1036 2115 causa
1057 2071 1277 2127 ponatur.3

194 2151 236 2195 3⁰
268 2145 437 2184 Reatus
475 2143 659 2196 peccati,
683 2143 773 2183 sive
806 2142 1129 2185 commissionis
1152 2143 1243 2181 sive
1274 2144 1535 2190 omissionis,

132 2213 177 2252 2'72
212 2227 339 2253 causa
373 2211 608 2252 voluntarii
652 2217 759 2251 tunc
794 2211 1029 2251 incurritur
1070 2211 1253 2263 quando
1288 2211 1535 2251 voluntarIe

131 2281 308 2333 ponitur
344 2293 478 2320 causa
501 2280 543 2319 in
582 2293 668 2331 qua
690 2279 989 2319 voluntarium
1027 2284 1106 2318 est.
1168 2277 1242 2318 Sic
1273 2292 1355 2332 v.g.
1378 2279 1414 2318 si
1437 2280 1535 2332 quis

174 2380 185 2400 1
202 2381 280 2412 Vid.
302 2381 487 2420 Laymann,
511 2378 586 2409 Lib.
604 2379 624 2408 i.
642 2384 739 2409 tract.
761 2387 792 2409 2.
818 2388 891 2419 cap.
910 2377 956 2407 iii.
972 2387 1006 2408 n.
1026 2383 1058 2416 5.

172 2423 185 2442 2
201 2424 282 2454 Vid.
301 2424 488 2464 Laymann,
509 2422 585 2452 Lib.
599 2421 621 2452 i.
641 2427 736 2452 tract.
759 2430 790 2451 2.
810 2431 884 2461 cap.
902 2420 950 2451 iii.
965 2430 996 2451 n.
1014 2419 1034 2451 6
1049 2431 1059 2458 ;
1077 2419 1211 2460 Sporer,
1226 2420 1339 2451 Tract.
1361 2428 1390 2451 1.
1404 2430 1478 2461 cap·
1491 2419 1528 2451 ii.

187 2475 204 2489 Ο

132 2474 278 2539 miz-{fid
299 2509 451 2547 Lacroix,
477 2508 553 2539 Lib.
577 2514 607 2548 5.
641 2507 698 2538 Tr.
724 2510 760 2538 de
784 2507 937 2544 Peccatzlr,
964 2516 998 2536 n.
1023 2505 1090 2544 46;
1116 2505 1267 2540 Billuart,
1299 2506 1356 2537 Tr.
1379 2507 1417 2535 cie
1445 2506 1532 2536 Tem-

124 2554 292 2592 perantia,
314 2553 405 2584 Diss.
424 2552 470 2583 vi.
489 2556 550 2582 art.
573 2559 621 2582 12.
