1716 2729
153 38 230 78 108
735 34 775 74 T
773 40 964 74 metatus
1379 31 1560 85 [GURY,

214 181 227 193 .
287 151 573 205 quantumvis
607 151 741 200 tenui,
784 151 919 190 modo
961 163 987 189 a
1030 147 1357 202 probabilitatis
1398 147 1561 188 finibus

148 235 235 261 non
260 226 459 268 exeatur,
491 218 646 259 confisi
684 219 852 272 aliquid
888 218 1074 271 agimus,
1110 230 1285 270 semper
1321 215 1563 269 prudenter

148 286 376 342 agimus.”¹
437 287 564 341 Quae
586 294 749 336 tamen,
774 293 822 327 ut
860 287 1048 340 videtur,
1072 300 1129 326 ex
1166 285 1440 338 argumentis
1467 283 1561 337 jam

149 372 186 397 n.
212 366 304 408 275.
345 356 571 398 recensitis
594 357 670 395 vix
704 356 850 396 minus
880 355 1012 408 plane
1045 354 1272 408 profluunt
1295 367 1428 406 quam
1465 366 1562 392 sen-

148 426 314 466 tentiae
336 426 501 466 ibidem
535 425 802 477 exscriptae.

208 505 302 547 277.
338 495 498 547 Itaque
540 493 864 546 inspiciendum
908 500 974 532 est
1011 506 1118 532 num
1156 491 1301 544 reipsa
1337 491 1468 531 liceat
1510 503 1562 530 ea

147 577 262 616 quae
299 564 355 603 de
392 562 643 615 ignorantia
684 560 925 601 invincibili
964 561 1119 613 prioris
1160 560 1332 613 generis
1364 557 1563 599 stabilita

148 638 262 679 sunt,
288 633 343 673 ad
368 630 665 672 invincibilem
689 630 987 683 ignorantiam
1012 629 1191 669 alterius
1225 628 1398 682 generis
1420 634 1562 667 trans-

148 701 267 742 ferre.
331 699 464 753 Quod
509 698 635 739 facile
673 698 922 738 ostenditur
959 697 1082 737 nullo
1118 697 1252 737 modo
1290 697 1429 736 licere.
1494 694 1563 736 Sit

148 770 282 823 igitur

209 932 305 982 278.
349 928 686 984 Principium
730 927 1146 982 III·—1{grnomlztz'a
1185 928 1450 969 invincibilis
1501 927 1566 968 al-

149 998 283 1040 terius
298 999 470 1052 generis
491 1013 530 1039 n.
556 1007 648 1050 252.
674 998 870 1039 recensiti
890 1012 972 1038 non
994 998 1109 1038 follit
1128 997 1436 1038 voluntarium.

210 1078 303 1121 279.
338 1068 517 1109 Etenim
556 1069 627 1109 ille
669 1068 855 1108 actionis
891 1067 1075 1108 effectus
1112 1074 1189 1107 aut
1223 1065 1569 1115 circumstantia,

150 1136 274 1189 cujus
297 1137 490 1178 formido
508 1143 584 1177 aut
607 1136 798 1189 suspicio
821 1137 960 1187 adest,
976 1135 1174 1189 profecto
1190 1135 1464 1176 voluntarius
1487 1141 1567 1186 est,

149 1212 370 1259 quatenus
407 1219 556 1258 agens,
579 1219 718 1258 quum
755 1205 960 1245 advertat
994 1205 1050 1244 ad
1090 1203 1454 1257 probabilitatem
1491 1211 1568 1245 aut

152 1273 398 1327 periculum
423 1274 548 1314 istius
570 1287 629 1314 ex
661 1274 835 1314 actione
870 1274 1073 1322 secuturi,
1105 1272 1297 1313 eundem
1320 1275 1367 1313 ilc
1397 1274 1572 1325 confuso

151 1343 381 1396 praevidet
418 1357 548 1383 sensu
593 1356 631 1383 n.
667 1354 735 1395 94.
772 1343 1014 1395 exposit03
1052 1343 1244 1395 ideoque
1284 1341 1355 1382 hic
1393 1355 1572 1395 quoque

150 1412 269 1452 valet
303 1412 414 1452 ratio
451 1425 490 1452 n.
517 1412 611 1452 261.
635 1411 801 1452 tradita
839 1412 894 1451 de
932 1411 1184 1464 ignorantia
1223 1409 1431 1450 vincibili.
1497 1409 1571 1451 Sic

151 1495 235 1535 v.g.
278 1481 313 1520 si
336 1481 433 1533 quis
466 1482 644 1521 dubitat
667 1494 723 1521 an
759 1481 892 1521 hodie
914 1481 970 1521 sit
1004 1479 1222 1532 obligatio
1256 1479 1513 1519 abstinendi
1545 1492 1571 1518 a

152 1549 370 1599 carnibuS,
393 1563 538 1602 neque
560 1549 761 1598 dubium,
778 1549 981 1589 adhibita
1004 1547 1238 1601 diligentia
1259 1548 1383 1587 omni
1403 1548 1571 1599 morali,

154 1618 374 1671 depellere
396 1618 529 1667 valet,
570 1617 652 1667 hic,
685 1624 733 1657 ut
770 1618 831 1657 ait
867 1618 909 1659 S.
933 1615 1229 1670 Alphonsus‚²
1250 1616 1571 1670 obligationem

153 1686 336 1738 ignorat,
361 1691 405 1726 et
427 1686 609 1739 quidem
633 1685 948 1726 invincibiliter
961 1703 980 1735 ,·
999 1685 1201 1739 Jamvero
1226 1685 1338 1726 sisic
1360 1685 1571 1726 dubitans

154 1762 231 1796 aut
253 1755 497 1795 formidans
536 1755 778 1795 manducat
813 1768 977 1804 carnes,
999 1754 1119 1796 haud
1159 1756 1303 1795 minus
1325 1753 1573 1795 voluntarie

154 1839 201 1864 se
225 1825 412 1878 exponit
435 1823 630 1877 periculo
663 1823 783 1876 legis,
812 1823 971 1864 saltem
1010 1820 1330 1871 materialii‘er,3
1354 1828 1402 1862 ut
1437 1823 1574 1873 aiunt,

155 1893 559 1947 transgrediendae,
583 1905 717 1945 quam
742 1893 776 1932 si
808 1899 959 1945 ageret
981 1906 1040 1932 ex
1062 1892 1316 1944 ignorantia
1345 1891 1544 1932 vincibili
1554 1905 1574 1939 ‚·

157 1976 299 2016 neque
330 1962 448 2002 enim
486 1961 597 2001 ratio
632 1961 838 2014 Principii
882 1961 912 2001 Ι.
937 1975 975 2000 n.
1004 1960 1097 2001 261.
1124 1961 1289 2001 tradita
1328 1960 1575 2001 desumitur

149 2045 214 2071 ex
253 2045 305 2071 eo
341 2030 459 2083 quod
495 2029 747 2082 ignorantia
783 2035 849 2069 est
887 2029 1116 2078 vincibilis,
1155 2030 1236 2068 nisi
1275 2035 1496 2082 quatenus
1528 2029 1573 2069 in

156 2098 413 2152 hujusmodi
437 2098 689 2150 ignorantia
710 2097 837 2138 adest
860 2097 1082 2150 quaedam
1106 2097 1344 2147 dubitatio,
1366 2096 1571 2146 formido,

156 2175 233 2209 aut
265 2167 458 2220 suspicio
491 2166 550 2206 rei
586 2180 699 2219 quae
735 2167 992 2220 ignoratur;
1036 2165 1145 2206 haec
1192 2173 1343 2207 autem
1390 2165 1573 2206 omnino

157 2237 316 2277 eodem
370 2236 504 2276 modo
546 2236 674 2276 adest
716 2236 757 2275 in
812 2236 1063 2288 ignorantia
1106 2237 1353 2278 invincibili
1393 2236 1574 2277 secundi

210 2423 221 2445 l
241 2425 341 2466 Prop.
362 2432 397 2464 ga
421 2424 464 2455 ab
481 2424 679 2456 Innocentio
696 2424 763 2455 XI.
782 2425 951 2456 damnata.
1000 2425 1078 2456 Vid.
1099 2425 1202 2466 Gury,
1225 2426 1316 2456 Part.
1336 2426 1357 2455 i.
1377 2436 1410 2456 n.
1431 2424 1484 2466 58.

210 2464 224 2486 '²⁶
241 2469 358 2511 Supra,
379 2482 413 2502 n.
427 2474 500 2508 275.
522 2468 578 2498 cit.

208 2513 221 2529 ²³
238 2512 318 2543 Vid.
337 2512 433 2550 infra,
454 2512 539 2553 Cap.
559 2519 588 2551 3.
606 2522 639 2542 n.
660 2519 736 2552 390.
