1716 2729
186 89 258 115 nn.
279 75 331 115 28
353 89 360 125 ;
386 86 450 127 31,
475 75 558 130 32.]
643 76 695 117 de
714 75 896 116 Actibus
915 76 1155 117 Humanis.
1509 88 1592 130 227

186 191 345 232 referre
367 191 519 232 omnia
541 191 584 231 in
610 191 756 232 Deum
780 192 900 232 cadit
929 193 1008 233 sub
1039 198 1325 246 praeceptum
1348 193 1588 243 charitatis,

184 273 321 313 quum
363 260 446 300 hoc
489 260 596 300 nihil
638 260 758 300 aliud
801 261 857 301 sit
901 274 1035 313 quam
1077 260 1232 300 scabere
1268 261 1409 301 Deum
1448 262 1588 315 finem

183 329 415 369 ultimum?
423 328 445 350 '¹

242 398 337 448 658.
371 402 390 417 “
410 398 505 438 Nee
553 402 704 437 tamen
762 404 938 450 oportet
993 398 1112 450 quod
1170 398 1356 438 intentio
1404 399 1589 439 actualis

181 467 392 506 ordinans
416 467 459 506 in
483 465 615 505 finem
640 465 848 506 ultimum
872 467 929 506 sit
951 480 1126 518 semper
1148 467 1384 519 conjuncta
1407 467 1588 507 cuilibet

183 535 346 575 actioni
369 548 483 588 quae
506 534 712 587 dirigitur
734 535 775 574 in
800 535 993 588 aliquem
1027 535 1159 574 finem
1185 535 1465 587 proximum3
1508 535 1585 575 sed

181 604 342 645 sufficit
364 605 484 658 quod
506 603 742 656 aliquando
759 604 991 644 actualiter
1007 618 1161 644 omnes
1184 604 1244 643 illi
1269 604 1375 643 fines
1394 604 1436 643 in
1452 603 1585 643 finem

182 673 389 712 ultimum
423 672 678 721 referantur,
712 673 825 713 sicut
857 673 905 713 fit
937 674 1118 726 quando
1153 673 1311 726 aliquis
1345 673 1514 725 cogitat
1545 687 1588 713 se

179 747 314 781 totum
336 741 399 781 acl
429 740 516 780 Dei
549 740 811 781 dilectionem
840 740 1053 793 dingere:
1091 747 1197 781 tunc
1229 741 1345 781 enim
1369 741 1585 794 quidquid

180 810 237 850 ad
261 823 306 849 se
328 809 515 858 ordinet,
538 810 594 849 ad
619 809 769 849 Deum
792 809 1044 849 ordinatum
1068 810 1164 849 erit.

238 878 338 929 659.
373 881 391 896 “
413 877 472 917 Et
495 879 529 916 si
553 883 804 930 quaeratur,
838 877 1008 930 quando
1029 884 1233 930 oporteat
1256 884 1404 917 actum
1429 876 1587 918 referre

180 946 225 985 in
263 946 394 985 finem
433 946 654 994 ultimum,
684 946 768 985 hoc
802 945 919 986 nillil
947 946 1078 986 aliud
1109 952 1188 994 est,
1210 960 1339 998 quam
1375 960 1587 998 quaerere,

178 1015 358 1067 quando
380 1020 586 1067 oporteat
607 1014 804 1054 habitum
826 1013 1056 1053 charitalis
1071 1014 1186 1053 exire
1207 1014 1250 1053 z'lz
1273 1020 1412 1053 actum
1431 1028 1448 1060 ,·
1484 1014 1587 1066 quia

175 1083 525 1135 quandocunque
557 1082 731 1123 lmbilns
756 1082 986 1122 cllarilatc's
1013 1082 1058 1122 z'lc
1087 1089 1229 1122 actum
1256 1083 1353 1131 ezrz'l‘,
1373 1082 1437 1135 fil
1470 1082 1584 1121 ‹mii-

177 1152 295 1190 natz'o
319 1151 449 1190 totins
469 1150 658 1190 hominis
682 1150 726 1190 in
747 1151 884 1204 finem
907 1150 1123 1200 nltimmll,
1146 1157 1189 1190 et
1212 1164 1289 1203 per
1311 1164 1585 1203 consequens

178 1216 242 1273 [in
266 1218 398 1258 finem
438 1219 644 1259 ultimum
684 1218 732 1258 fit
769 1216 1009 1273 ordinatio]
1046 1219 1245 1259 omnium
1284 1233 1434 1258 eorum
1473 1233 1586 1271 quae

177 1288 219 1326 in
243 1287 387 1340 ipsum
411 1288 641 1327 ordinatur
662 1294 709 1327 ut
733 1287 848 1327 bona
873 1285 1011 1327 sibi.⁷'·-'

234 1356 329 1396 650.
365 1355 450 1395 His
474 1356 608 1408 igitur
640 1356 907 1408 praemissis,
941 1357 1213 1409 exponenda
1236 1363 1339 1396 sunt
1371 1370 1423 1396 ea
1456 1370 1580 1409 quae,

174 1424 232 1463 ad
268 1423 531 1463 solvendum
576 1430 890 1477 argumentum
928 1439 965 1464 n.
1005 1425 1102 1475 614.
1126 1426 1352 1474 traditum,
1386 1425 1456 1466 hic
1485 1439 1584 1478 pro-

178 1492 323 1532 ferunt
347 1492 583 1533 Scotistae.

234 1563 329 1602 661.
365 1561 423 1601 Et
441 1562 623 1613 quidem
662 1565 712 1612 1⁰,
745 1568 793 1602 ut
825 1576 882 1602 ex
906 1563 1036 1602 dictis
1069 1577 1106 1602 n.
1131 1564 1226 1614 653.
1251 1563 1396 1615 colligi
1421 1569 1582 1616 potest,

176 1630 377 1671 nonnulli
401 1631 584 1670 omnino
618 1638 785 1683 negant
818 1638 1109 1684 praeceptum
1140 1632 1181 1671 in
1206 1633 1350 1672 verbis
1374 1632 1584 1684 Apostoli

174 1699 302 1739 tradi.
364 1698 467 1752 Qui,
499 1712 598 1739 cum
633 1699 675 1740 S.
701 1699 1046 1749 B011aventura,⁵
1067 1701 1335 1740 sententiam
1370 1714 1494 1740 suam
1517 1701 1580 1740 sic

174 1767 431 1821 explicant:
455 1767 715 1808 “Admouet
750 1768 932 1821 quidem
971 1768 1224 1822 Apostolus
1274 1802 1281 1810 .
1337 1802 1344 1809 .
1399 1801 1408 1809 .
1462 1770 1581 1822 quod

173 1837 409 1889 quodlibet
446 1850 559 1889 opus
601 1843 802 1877 nostrum
837 1837 1083 1877 referamus
1121 1838 1165 1877 in
1204 1836 1391 1877 Deum.”
1453 1837 1582 1878 Prae-

173 1911 354 1957 ceptum
386 1918 491 1945 vero
528 1918 624 1945 esse
662 1911 711 1946 ut
748 1919 905 1946 omnes
948 1913 1073 1946 actus
1114 1906 1224 1945 fiant
1260 1920 1317 1945 ex
1361 1905 1581 1957 ejusmodi

171 1973 429 2022 intentione,
452 1973 542 2014 sive
574 1974 739 2015 actuali
771 1975 863 2014 sive
894 1975 1084 2025 virtuali,
1107 1977 1290 2016 omnino
1314 1984 1489 2029 negant.

232 2042 329 2082 662.
365 2042 537 2094 Neque,
572 2056 663 2082 rem
701 2043 763 2082 sic
789 2050 1081 2096 exponentes,
1119 2045 1320 2084 nituntur
1351 2044 1446 2084 sola
1479 2058 1580 2085 auc-

175 2111 383 2162 toritate;
435 2111 614 2163 insuper
664 2112 782 2152 enim
835 2118 1202 2164 argumentantes
1243 2113 1580 2153 Thomistarum

171 2179 421 2219 doctrinam
458 2179 501 2219 in
535 2180 654 2232 ipsos
686 2186 954 2233 retorquent.
1016 2180 1101 2222 “Si
1133 2182 1371 2221 adversarii
1401 2181 1552 2233 velint,

175 2248 237 2288 ait
253 2247 459 2299 Lalouxf
474 2252 562 2289 “ex
580 2248 647 2288 his
670 2249 814 2289 verbis
836 2249 1064 2289 adstruere
1081 2250 1402 2302 obligationem
1421 2263 1576 2291 omnes

179 2352 281 2361 ”—

391 2405 399 2422 ¹
422 2405 548 2444 Quaest.
565 2405 603 2435 de
625 2405 818 2443 Virtutibus,
839 2405 975 2445 Quaest.
992 2414 1021 2436 2.
1039 2410 1100 2436 art.
1122 2414 1133 2436 1
1145 2414 1170 2436 1.
1188 2406 1230 2436 ad
1250 2413 1281 2445 3.

389 2448 459 2479 2111
476 2456 508 2478 2.
557 2449 645 2479 Dist.
663 2457 716 2487 40.
735 2454 862 2488 quaest.
883 2457 910 2479 1.
928 2455 991 2479 art.
1011 2456 1039 2489 5.
1059 2449 1098 2480 ad
1117 2449 1148 2481 6.

393 2492 406 2509 ³
426 2491 464 2522 In
483 2491 568 2522 Dist.
589 2500 645 2530 41.
661 2497 722 2522 art.
745 2500 774 2522 1.
793 2498 919 2533 quaest.
937 2501 966 2523 2.
983 2501 1017 2532 3.
1035 2493 1077 2523 ad
1098 2501 1127 2523 Ι.

392 2535 406 2554 4
428 2536 484 2566 Ζν.
510 2536 548 2567 d:
561 2537 634 2566 Act.
663 2535 846 2575 Humana,
867 2535 957 2567 Diss.
976 2545 1008 2576 9.
1024 2541 1150 2577 quaest.
1172 2535 1216 2566 ix.
1237 2534 1250 2575 x}
1270 2543 1301 2566 2.
