1716 2729
148 98 204 149 98
738 96 777 135 T
775 103 970 137 metatus
1384 97 1563 151 [GURY,

143 212 390 255 Suaresius1
422 213 752 262 animadvertit,
785 212 896 252 haec
928 212 1162 262 sententia,
1195 214 1256 254 sic
1289 213 1567 266 distinguens

141 281 255 321 inter
280 281 578 334 ignorantiam
603 295 756 322 eorum
780 294 895 333 quae
917 294 1007 321 non
1029 287 1236 334 spectant
1259 282 1315 322 ad
1338 282 1566 335 proprium

140 349 355 402 cujusque
377 363 551 398 munus,
575 356 619 390 et
651 363 805 390 eorum
828 363 943 402 quae
975 350 1037 390 ita
1068 355 1288 402 spectant,
1309 349 1428 391 haud
1461 351 1568 391 satis

140 418 222 458 sibi
246 425 436 459 constat.
499 419 653 459 “Nam
679 416 837 472 [quum
859 417 930 457 hic
952 418 1009 458 sit
1032 416 1199 473 sermo]
1224 419 1280 459 de
1313 419 1568 471 ignorantia

137 486 260 539 juris,
282 501 460 528 necesse
483 493 549 527 est
581 488 625 527 id
652 486 838 538 intelligi
872 486 927 526 de
959 486 1210 539 ignorantia
1241 488 1467 541 praecepti
1488 501 1569 541 quo

141 555 306 607 aliquis
325 555 534 608 obligetur
551 571 566 596 .·
598 568 701 595 narn
724 555 759 594 si
783 568 885 594 eum
909 568 998 594 non
1022 554 1253 607 obligaret,
1277 556 1569 609 impertinens

146 631 261 665 esset
283 624 398 664 illius
419 624 606 664 scientia
625 623 695 663 vel
719 623 975 676 ignorantia
999 623 1057 663 ad
1081 624 1389 664 excusandum
1413 638 1569 677 pecca-

146 700 243 733 tum
277 721 287 732 .
349 726 355 732 .
417 725 425 732 .
461 691 661 744 Quilibet
699 697 850 731 autem
886 690 1025 731 homo
1060 691 1172 732 scire
1193 697 1372 732 tenetur
1405 690 1568 747 [omnia

147 759 402 815 praecepta]
427 760 588 813 quibus
611 759 846 812 obligatur,
879 760 971 799 sive
1006 759 1083 800 illa
1114 759 1330 813 obligatio
1361 767 1571 802 nascatur

148 844 206 870 ex
241 829 435 882 generali
472 828 728 869 conditione
767 828 961 868 hominis
1002 827 1241 869 Christiani
1273 859 1282 869 .
1346 861 1354 872 .
1387 830 1478 870 sive
1510 843 1569 870 ex

149 898 403 952 particulari
444 897 589 939 officio
626 898 747 951 quod
789 897 1033 950 profitetur,
1071 903 1120 937 ut
1163 898 1335 947 medici,
1376 898 1569 951 parochi,

149 974 231 1009 etc.

209 1045 302 1088 250.
335 1035 510 1076 “Certa
544 1048 650 1087 ergo
692 1040 737 1074 et
773 1033 954 1074 moralis
989 1033 1143 1087 regula
1185 1034 1228 1074 in
1266 1034 1350 1075 hoc
1387 1035 1570 1088 negotio

150 1105 367 1146 sumenda
408 1110 487 1152 est,
529 1102 759 1155 diligentia
794 1101 993 1143 adhibita
1027 1102 1098 1142 vel
1128 1102 1287 1143 omissa
1319 1103 1375 1143 ad
1407 1116 1571 1156 cogno-

149 1174 363 1215 scendum
386 1178 685 1227 praeceptum.
740 1204 749 1212 .
799 1203 807 1211 .
871 1171 990 1211 Nam
1012 1171 1168 1223 siquis
1190 1171 1401 1212 adhibeat
1431 1202 1441 1211 .
1503 1204 1511 1211 .
1559 1200 1569 1210 .

150 1243 424 1297 szffcz'entein
459 1241 736 1294 diligentiam
776 1246 826 1280 ut
862 1241 973 1280 sciat
1011 1240 1132 1293 leges
1174 1240 1231 1280 ad
1266 1254 1312 1280 se
1353 1254 1573 1294 suumque

152 1311 344 1352 officium
369 1311 652 1363 pertinentes,
675 1309 875 1349 accidere
897 1314 1050 1361 potest
1074 1313 1123 1348 ut
1160 1308 1356 1361 aliquam
1389 1309 1572 1350 invinci-

152 1379 298 1420 biliter
317 1380 500 1432 ignoret.
565 1409 574 1417 .
637 1409 645 1416 .
711 1377 759 1418 Si
797 1383 947 1417 autem
972 1376 1189 1430 negligens
1221 1377 1344 1417 sitin
1380 1378 1572 1419 sciendis

153 1449 242 1488 suis
279 1447 642 1501 obligationibUS‚
676 1445 929 1499 ignorantia
968 1445 1050 1485 erit
1088 1444 1319 1495 vincibilis,
1340 1446 1431 1487 sive
1463 1445 1573 1486 obli-

153 1518 277 1570 gatio
318 1517 484 1558 oriatur
517 1530 576 1556 ex
608 1514 765 1565 officio,
797 1514 890 1555 sive
927 1513 1120 1563 aliunde,
1153 1515 1402 1555 dummodo
1435 1515 1576 1568 negli-

155 1585 306 1638 gentia
327 1585 673 1638 proportionalis
697 1581 792 1623 sit.''
857 1583 984 1622 Haec
1009 1582 1242 1623 Suaresius
1263 1581 1288 1624 :2
1318 1584 1393 1636 qui
1410 1583 1574 1624 deinde

156 1667 388 1707 exponens
410 1653 638 1706 quomodo
660 1651 999 1704 dijudicandum
1019 1651 1075 1691 sit
1097 1657 1244 1691 utrum
1268 1652 1364 1704 quis
1387 1651 1572 1705 diligen-

154 1723 264 1763 tiam
286 1723 484 1762 debitam
509 1721 761 1762 adhibuerit
784 1733 932 1769 necne,
954 1720 1110 1760 statuit
1132 1719 1454 1773 inspiciendum
1478 1734 1574 1761 esse

144 1791 292 1844 primo
324 1794 345 1813 ‘⁴
364 1804 418 1830 an
442 1790 683 1843 aliquando
705 1789 869 1829 venerit
889 1790 934 1828 in
956 1793 1134 1828 mentem
1166 1787 1254 1828 tale
1286 1794 1572 1842 praeceptum

155 1858 224 1899 vel
253 1858 474 1899 dubitatio
502 1858 651 1911 aliqua
681 1858 737 1897 de
767 1857 986 1912 ejusmodi
1010 1856 1285 1909 obligatione
1328 1889 1336 1897 .
1399 1891 1406 1898 .
1468 1870 1573 1897 nam

157 1928 192 1967 si
214 1926 322 1967 nihil
344 1927 563 1979 ejusmodi
599 1926 798 1975 occurrit,
828 1926 1005 1979 signum
1038 1924 1258 1965 sufficiens
1296 1931 1362 1966 est
1394 1925 1574 1966 invinci-

155 1995 255 2036 bilis
277 1996 554 2048 ignorantiae
618 2027 626 2036 .
689 2026 698 2034 .
719 2009 727 2045 ;
762 2008 811 2034 ac
832 1994 1022 2042 secundo,
1044 2007 1100 2033 an
1122 1994 1158 2033 is
1179 1994 1254 2046 qui
1277 1994 1386 2034 scire
1407 1995 1574 2048 aliquid

157 2069 347 2112 tenetur,
369 2063 614 2116 habuitque
636 2062 857 2103 sufficiens
880 2062 1146 2115 principium
1160 2062 1398 2115 cogitandi,
1421 2063 1572 2104 fecerit

158 2132 361 2172 moralem
381 2130 656 2184 diligentiam
716 2161 725 2170 .
791 2162 800 2171 .
863 2130 1152 2171 sufficientem
1186 2137 1233 2171 ut
1265 2131 1399 2172 talem
1423 2132 1571 2185 cogni-

158 2201 325 2241 tionem
349 2196 654 2252 acquireret.’'3

219 2278 316 2320 251.
352 2268 556 2320 Denique
596 2270 638 2318 3⁰
678 2273 726 2307 ut
763 2266 1015 2320 ignorantia
1058 2266 1112 2306 sit
1154 2266 1388 2320 culpabilis
1425 2281 1483 2308 ex
1519 2282 1572 2308 eo

204 2430 211 2451 ¹
228 2428 307 2460 Vid.
329 2428 424 2459 Suar.
451 2428 503 2459 Tr.
524 2428 561 2458 de
578 2427 744 2466 Cenmrz's,
767 2427 865 2469 Disp.
885 2436 918 2466 4.
937 2432 1020 2459 sect.
1040 2426 1109 2457 viii.
1129 2437 1162 2457 n.
1192 2434 1244 2468 15.
1271 2427 1326 2459 Cf.
1346 2427 1505 2465 Sanchez,
1527 2429 1573 2459 ln

160 2473 286 2510 Decal.,
306 2472 380 2503 Lib.
397 2480 426 2502 1.
444 2482 520 2513 cap.
539 2471 605 2502 xvi.
624 2481 657 2502 n.
678 2479 729 2510 29.

202 2516 215 2535 2
229 2516 316 2546 Ibid.
334 2526 368 2546 n.
390 2515 440 2546 16.

203 2559 317 2590 3Ibid.
337 2569 393 2589 nn.
417 2557 465 2596 18,
490 2565 539 2597 19.
