1716 2729
139 93 196 133 34
721 83 948 124 Tractatzts
1366 85 1460 138 [GU
1467 95 1541 138 Rv,

139 196 296 246 valeat,
318 197 407 237 vim
439 203 588 238 tamen
622 211 830 251 magnam
863 212 951 239 non
982 199 1129 248 habet,
1151 204 1194 239 et
1225 198 1268 239 in
1300 198 1422 240 illum
1453 214 1539 241 non

139 265 281 306 influit
303 266 557 307 notabiliter
575 280 583 316 ;
615 267 683 307 vel
721 280 773 307 ea
804 268 871 307 est
893 281 950 307 ex
972 280 1059 319 qua
1081 267 1262 307 effectus
1284 266 1541 321 plerumque

139 347 226 373 non
250 335 462 386 provenit.

200 410 241 453 50
274 400 415 444 Causa
428 410 507 455 per
526 416 578 452 se,
600 402 668 443 vel
681 409 760 455 per
778 402 981 444 accidens.
1037 402 1177 442 Prior
1194 409 1260 443 est
1281 416 1333 443 ea
1354 417 1466 456 quae
1483 417 1541 444 ex

137 483 218 510 sua
234 476 390 510 natura
403 471 544 511 tendit
559 484 635 510 seu
653 470 879 510 ordinatur
900 471 955 510 ad
973 470 1178 510 effectum
1196 470 1541 523 producendum.

140 537 213 579 Sic
234 553 317 592 v.g.
342 539 454 579 inter
480 552 633 578 causas
665 538 883 591 physicaS‚
906 538 1245 591 intemperantia
1275 538 1453 580 bibendi
1475 544 1543 581 est

136 620 266 646 causa
277 613 360 659 per
376 620 420 646 se
439 606 686 656 ebrietatis;
719 611 866 659 atque,
890 607 1002 646 inter
1016 619 1171 646 causas
1193 606 1392 656 morales,
1417 621 1539 648 man-

138 674 254 724 data,
277 674 467 723 consilia,
484 687 646 727 preces,
664 674 820 722 minae,
844 679 937 723 etc„
955 680 1056 714 sunt
1075 681 1313 727 causaeper
1327 689 1371 714 se
1389 688 1539 715 eorum

139 755 252 794 quae
297 742 633 794 praecipiuntur,
676 741 925 789 suadentur,
958 741 1262 795 impetrantur,
1294 748 1372 783 aut
1409 742 1540 783 minis

138 809 435 862 injunguntur.
514 809 737 849 Posterior
757 815 823 850 est
844 823 895 849 ea
918 823 1042 862 quae,
1065 809 1167 850 licet
1188 823 1275 850 non
1310 810 1365 849 sit
1388 823 1445 850 ex
1462 823 1540 851 sua

138 883 293 917 natura
311 876 511 917 ordinata
533 877 589 917 ad
622 877 824 918 effectum
855 877 1202 931 producendum,
1224 883 1422 918 attamen
1460 877 1538 919 ali-

138 945 328 997 quando,
346 945 662 985 interveniente
679 958 724 985 re
740 944 899 998 aliqua,
917 946 972 985 ad
991 945 1114 985 illum
1131 946 1262 986 ducit.
1307 945 1381 987 Sic
1402 959 1481 998 v.g.
1504 945 1539 986 si

139 1013 367 1054 mendicus
390 1014 431 1052 in
454 1013 754 1066 blasphemias
776 1013 875 1053 ideo
897 1014 1089 1066 erumpit
1111 1013 1215 1067 quia
1236 1020 1541 1054 commovetur

139 1082 303 1122 invidia
324 1080 502 1121 alterius
524 1081 593 1121 cui
615 1081 713 1134 quis
735 1081 1078 1134 eleemosynam,
1100 1082 1196 1135 ipso
1218 1083 1540 1135 praetermisso,

138 1151 320 1203 largitus
353 1156 430 1200 est,
452 1149 735 1202 eleemosyna
772 1149 931 1190 dicitur
970 1148 1273 1202 blasphemiae
1306 1163 1436 1190 causa
1459 1158 1542 1203 per

137 1218 328 1259 accidens
345 1233 354 1257 :
373 1218 434 1258 sic
452 1232 629 1271 quoque
646 1218 932 1258 homicidium
950 1218 1074 1271 sequi
1091 1223 1240 1271 potest
1251 1224 1334 1270 per
1347 1217 1540 1262 accidens

139 1301 195 1326 ex
218 1300 270 1327 eo
292 1286 411 1340 quod
434 1287 531 1339 quis
555 1286 753 1339 gladium
777 1285 902 1327 alteri
931 1286 1084 1327 vendit
1109 1293 1185 1327 aut
1219 1286 1437 1336 restituit,1
1458 1293 1536 1328 etc.

140 1355 422 1395 eto—Haud
454 1369 550 1396 raro
581 1368 712 1395 causa
733 1361 816 1407 per
844 1354 1034 1394 accidens
1064 1354 1247 1408 alicujus
1279 1355 1339 1395 rei
1360 1361 1542 1396 vocatur

140 1423 337 1475 ejusdem
361 1423 526 1463 occasio.

197 1555 268 1594 92.
305 1545 390 1585 His
423 1545 689 1597 praemissis,
732 1546 956 1598 agendum
999 1551 1066 1584 est
1109 1545 1165 1586 de
1207 1545 1539 1598 quaestionibus

142 1625 181 1651 n,
197 1623 265 1662 90.
285 1613 523 1652 recensitis.
560 1611 693 1665 Quod
716 1613 772 1653 ad
784 1611 976 1664 priorem
990 1612 1160 1661 attinet,
1180 1619 1228 1653 ut
1250 1613 1415 1666 aliquid
1438 1627 1538 1654 cen—

142 1681 224 1721 seri
259 1685 392 1732 queat
428 1679 726 1720 voluntarium
764 1680 809 1720 in
839 1693 970 1720 causa
1002 1681 1284 1720 consentiunt
1315 1681 1408 1720 TT.
1431 1681 1542 1722 duas

142 1748 299 1788 saltem
321 1747 598 1787 conditiones
620 1747 791 1800 requiri,
819 1754 861 1787 1⁰
881 1754 929 1788 ut
950 1748 1099 1800 aliquo
1122 1750 1256 1789 modo
1276 1748 1466 1802 profluat
1483 1763 1541 1790 ex

142 1816 228 1856 alio
250 1816 370 1867 quod
392 1821 459 1855 est
490 1815 785 1855 voluntarium
810 1802 862 1856 2³⁷2
877 1829 954 1864 se,·
985 1829 1035 1856 ac
1069 1820 1112 1855 2⁰
1134 1822 1181 1857 ut
1212 1829 1361 1870 agens,
1383 1816 1540 1857 saltem

143 1885 187 1924 in
210 1882 403 1933 confuso,
424 1883 625 1923 advertat
645 1884 700 1924 ad
724 1883 830 1924 illud
863 1884 925 1925 ita
955 1867 1218 1925 secuturum.
1280 1885 1543 1938 Disputatur

143 1965 246 1993 vero
281 1964 386 1991 num
425 1951 603 2003 insuper
638 1952 883 1998 requiratur
918 1953 1047 1992 tertia
1083 1953 1304 2005 quaedam
1346 1953 1542 1994 conditio

142 2020 255 2060 infra
277 2019 337 2072 (n.
359 2023 449 2071 95.)
472 2021 749 2072 exponenda.

200 2098 266 2140 93.
301 2087 419 2128 Satis
441 2087 619 2140 quidem
648 2093 771 2140 patet
803 2089 962 2141 requiri
993 2088 1289 2130 conditionem
1311 2089 1542 2142 primam,-

144 2156 250 2196 illud
291 2155 407 2195 enim
444 2155 562 2207 quod
605 2168 692 2195 non
737 2161 802 2196 est
844 2156 889 2196 in
928 2169 972 2196 se
1009 2156 1306 2197 voluntarium
1343 2158 1541 2211 profecto

144 2223 297 2275 nequit
319 2222 407 2263 ullo
440 2224 573 2263 modo
608 2224 826 2264 voluntati
859 2230 1072 2277 tanquam
1105 2238 1262 2265 causae
1296 2226 1427 2267 tribui
1456 2226 1540 2267 nisi

144 2297 360 2344 quatenus
382 2291 560 2345 profluit
582 2305 639 2332 ex
667 2292 815 2345 aliquo
843 2292 930 2333 alio
961 2293 1080 2346 quod
1110 2293 1156 2334 2'72
1181 2309 1224 2334 se
1243 2295 1538 2335 voluntarium

145 2365 223 2399 est.

199 2439 265 2478 94.
299 2427 393 2467 Nec
447 2427 590 2468 minus
656 2428 835 2469 evidens
898 2435 965 2470 est
1032 2431 1190 2483 requiri
1241 2431 1539 2473 conditionem

482 2560 491 2580 ¹
509 2560 588 2591 Vid.
607 2560 761 2600 Gormaz,
782 2560 880 2602 Disp.
900 2567 931 2602 5.
949 2565 1030 2593 sect.
1047 2561 1070 2592 i.
1088 2572 1122 2593 n.
1144 2569 1215 2603 159.
