1716 2729
154 89 204 118 10
750 72 976 112 Tractatus
1367 71 1460 126 [GU
1467 83 1540 122 RV,

147 189 383 232 habitualis
403 195 480 239 est,
514 188 703 241 ideoque
726 193 873 241 potest
905 186 1146 228 intellectui
1179 188 1321 228 inesse
1341 187 1434 228 sine
1455 188 1543 229 ulla

148 260 207 300 rei
243 260 513 312 cogitatione
548 257 742 307 actuali;
774 256 1050 296 advertentia
1087 270 1191 297 vero
1228 257 1542 309 cogitationem

147 328 355 369 actualem
377 329 573 368 denotat.

208 405 275 447 32.
306 394 530 440 Divisio.
571 393 866 433 Advertentia
889 391 1062 432 duobus
1084 393 1227 433 modis
1249 393 1542 446 distinguitur.

209 474 274 516 33.
307 463 533 504 Dividitur
569 465 608 502 1⁰
637 460 873 513 subjective,
894 473 970 500 seu
995 460 1163 501 ratione
1185 462 1321 514 ipsius
1342 467 1478 511 actus,
1502 462 1545 502 in

136 533 315 585 plenam
349 537 393 572 et
427 530 712 583 semiplenam.
773 528 913 569 Plena
954 534 1021 569 est
1062 529 1130 569 cui
1172 529 1281 569 nihil
1322 543 1380 570 ex
1421 535 1546 582 parte

148 602 397 643 intellectus
438 601 562 641 deest
603 599 840 653 quominus
882 604 1006 638 actus
1054 598 1312 639 advertendi
1355 598 1546 651 perfecte

149 670 346 711 eliciatur
364 684 374 720 ;
407 669 585 722 quando
621 683 660 708 v.
683 680 723 720 g.
746 667 843 719 quis
881 666 1106 718 evigilans,
1139 667 1204 707 sui
1241 680 1437 720 compos,
1461 666 1546 708 alio

148 753 235 780 non
277 739 525 788 distractus,
567 737 622 777 ad
665 750 756 776 rem
798 736 1002 776 attendit.
1070 735 1312 788 seinz-'plena
1363 740 1430 776 est
1477 736 1546 776 cui

149 808 313 860 aliquid
355 807 479 847 deest
520 819 577 846 ex
620 811 744 858 parte
786 803 1036 844 intellectus
1079 804 1314 857 quominus
1355 803 1547 857 perfecte

149 876 348 916 eliciatur
368 880 491 915 actus
513 872 785 920 advertendi,
807 885 891 925 v.g.
917 872 1096 925 quando
1128 872 1225 925 quis
1256 871 1312 912 de
1335 885 1378 912 re
1401 872 1548 925 aliqua

149 943 316 996 cogitat
357 942 554 982 nondum
596 940 724 994 plene
774 953 798 980 e
839 953 994 980 somno
1036 941 1271 989 excitatus,
1311 939 1430 980 haud
1482 940 1547 980 sui

150 1024 345 1063 compos,
367 1009 454 1050 alio
476 1009 725 1058 distractus,
746 1015 826 1049 etc.

212 1090 272 1129 34.
307 1078 531 1118 Dividitur
553 1081 597 1116 2⁰
631 1076 836 1129 objectiva
864 1090 940 1116 seu
973 1076 1142 1117 ratione
1174 1076 1234 1116 rei
1266 1089 1379 1129 quae
1414 1077 1549 1116 menti

153 1146 399 1194 exhibetur,
422 1146 464 1184 in
498 1145 748 1185 distinctam
781 1150 824 1184 et
855 1145 1087 1196 confusam.
1149 1142 1372 1184 Distincta
1393 1144 1551 1184 dicitur

153 1213 427 1254 advertentia
468 1226 605 1266 quum
660 1225 726 1252 res
767 1211 883 1252 clare
924 1211 1311 1265 apprehenditur;
1361 1212 1549 1263 confusa,

152 1295 289 1335 quum
332 1294 398 1320 res
440 1294 527 1320 non
570 1280 916 1334 apprehenditur
956 1280 1039 1320 nisi
1082 1280 1216 1320 modo
1258 1279 1467 1332 ambiguo
1507 1284 1552 1320 et

154 1349 349 1390 obscuro.
414 1347 487 1389 Sic
508 1362 591 1401 v.g.
615 1350 689 1401 qui
721 1348 878 1388 veneni
911 1347 1119 1398 poculum
1153 1347 1329 1387 inimico
1359 1347 1551 1401 praebet,

153 1416 413 1470 praevidens
449 1415 541 1456 fore
577 1422 625 1456 ut
664 1415 735 1456 ille
757 1429 927 1456 veneno
959 1421 1066 1469 poto
1101 1416 1324 1465 moriatur,
1358 1415 1555 1456 distincte

154 1485 344 1526 advertit
385 1485 442 1524 ad
484 1484 686 1524 effectum
740 1484 870 1536 hujus
913 1484 1109 1531 actionis,
1154 1489 1341 1524 mortem
1393 1496 1552 1537 nempe

155 1552 330 1593 alterius
362 1558 644 1602 secuturam;
677 1551 858 1592 effectus
890 1565 993 1591 vero
1022 1551 1346 1591 advertentiam
1377 1556 1551 1591 tantum

154 1621 375 1671 confusam
408 1619 543 1660 habet
577 1621 651 1672 qui
689 1619 872 1672 praebet
904 1632 1135 1667 venenum,
1175 1619 1367 1659 incertus
1405 1624 1551 1659 utrum

156 1688 316 1728 lethale
338 1688 393 1728 sit
415 1701 469 1727 an
493 1701 593 1737 non,
616 1688 726 1727 adeo
749 1693 809 1736 ut,
831 1687 1001 1727 etiarnsi
1024 1687 1224 1727 advertat
1246 1687 1302 1727 ad
1314 1686 1554 1739 periculum

156 1757 307 1796 mortis
351 1762 591 1805 secuturae,
634 1762 783 1796 tamen
825 1755 992 1796 nesciat
1044 1761 1190 1795 utrum
1242 1768 1360 1795 mors
1412 1756 1554 1809 reipsa

158 1830 366 1864 eventura
387 1825 455 1874 sit,
477 1837 533 1864 an
567 1824 686 1864 aliud
718 1830 893 1864 tantum
926 1822 1092 1863 malum
1127 1823 1257 1863 morti
1290 1822 1481 1873 inferius,
1505 1827 1554 1864 ut

157 1906 236 1945 v.g.
262 1892 434 1933 infirma
455 1892 675 1932 valetudo.

548 2033 1029 2076 ARTICULUS
1085 2033 1167 2076 11.

639 2127 704 2157 DE
736 2125 1079 2159 VOLUNTARIO.

488 2201 507 2253 ξ
534 2211 566 2240 Ι.
599 2200 668 2239 De
685 2198 948 2252 Definitione
980 2196 1240 2239 Voluntarii.

221 2290 284 2334 35.
317 2280 590 2325 Definitio,
663 2280 969 2322 Voluntarimn
991 2285 1058 2320 est
1081 2279 1133 2320 id
1161 2279 1277 2331 qnod
1293 2280 1497 2331 provenit
1528 2294 1556 2321 a

163 2350 377 2389 volzmlate
397 2363 491 2389 cum
509 2348 688 2401 praevia
709 2348 973 2388 advertentia
997 2347 1234 2387 intellectus.

223 2417 287 2468 36.
321 2417 492 2457 Dicitur
521 2420 569 2461 1⁰,
594 2416 644 2455 id
669 2417 783 2468 quod
799 2416 1003 2468 provenit
1030 2429 1057 2454 a
1089 2415 1316 2464 voluntate,
1337 2429 1413 2456 seu
1436 2416 1554 2468 quod

163 2484 403 2534 voluntate,
437 2491 485 2524 ut
519 2497 677 2524 causae
711 2485 816 2536 ejus,
855 2485 986 2524 tribui
1023 2489 1185 2537 potest.
1250 2483 1376 2524 Haec
1406 2489 1554 2524 tamen

164 2553 280 2605 prior
301 2552 568 2593 definitionis
594 2550 789 2592 clausula
820 2551 876 2592 ab
907 2551 1002 2592 aliis
1035 2551 1127 2592 TT.
1159 2551 1364 2596 strictius.
1383 2551 1439 2592 ab
1461 2550 1556 2591 aliis
