1716 2729
161 54 201 81 n.
225 40 280 94 5.]
596 40 647 81 de
666 39 847 80 Actibus
867 40 1101 81 Humanis.
1503 55 1555 96 23

160 155 319 196 tarium
356 162 504 196 autem
541 154 729 195 virtuale
760 155 938 208 insuper
972 156 1203 209 requiritur
1238 162 1280 208 3⁰
1321 166 1368 198 ut
1408 173 1556 212 agens,

160 225 265 264 dum
288 230 435 264 actum
458 222 641 276 perficit,
666 222 708 263 in
732 236 784 263 ea
815 223 870 262 sit
892 223 1027 263 animi
1060 224 1349 277 dispositione
1385 233 1431 267 ut
1451 241 1556 267 suae

159 292 353 332 actiones
386 291 565 331 arbitrio
606 290 700 343 ejus
733 290 1023 342 subjaceant;
1055 306 1180 332 secus
1219 294 1337 333 enim
1375 296 1554 335 omnino

157 358 239 399 erit
274 359 463 411 incapax
500 358 660 410 agendi
699 358 834 398 modo
869 358 1066 399 humano
1105 359 1159 413 (n.
1205 366 1322 412 23.):
1367 362 1556 415 ideoque

157 427 410 468 virtualiter
442 425 690 466 voluntaria
725 426 892 466 censeri
918 439 1005 466 non
1040 434 1227 480 possunt
1262 442 1314 469 ea
1348 443 1461 482 quae
1497 431 1554 471 ab

157 495 299 544 ebriis,
341 492 603 542 amentibus,
650 500 726 534 aut
776 494 1098 535 dormientibus
1149 495 1291 536 fiunt.1
1351 497 1554 551 Denique

149 567 202 614 4⁰
241 561 305 602 ad
340 560 528 601 virtuale
564 561 862 603 voluntarium
920 563 1154 615 requiritur
1193 570 1242 605 ut
1284 565 1328 605 id
1370 566 1426 606 de
1466 580 1555 619 quo

153 636 310 684 agatur
364 628 441 669 fiat
493 629 542 668 vz'
592 642 667 669 seu
731 629 891 670 virtute
950 631 1192 672 voluntatis
1253 638 1376 673 actus
1436 635 1554 687 prius

153 697 294 738 eliciti.

211 775 277 818 70.
314 766 403 806 Hic
424 766 644 819 quaedam
667 767 856 807 dicenda
887 773 988 807 sunt
1026 767 1082 808 de
1118 769 1390 821 quaestione,
1427 784 1551 823 quae,

152 841 201 876 ut
223 839 349 875 notat
370 833 424 874 A.
450 832 611 886 Mayr‚2
632 834 777 887 potius
802 834 1108 888 philosophica
1137 847 1283 890 quam·
1304 837 1552 890 theologica

152 909 244 943 est:
276 903 319 943 in
342 915 535 955 quonam
558 902 642 943 sita
663 903 719 942 sit
741 902 815 942 illa
836 902 905 942 vis
925 917 1001 943 seu
1031 904 1173 944 virtus
1204 905 1247 945 in
1282 919 1369 958 qua
1399 905 1550 946 volun-

150 971 309 1012 tarium
333 971 451 1023 prius
472 970 667 1011 elicitum
689 977 946 1024 permaneat
968 977 1205 1025 postquam
1239 980 1363 1014 actus
1395 973 1549 1014 volun-

153 1040 258 1081 tatis
274 1039 368 1092 Jam
391 1040 632 1079 cessaverit.

208 1118 274 1160 71.
309 1109 377 1147 De
405 1108 487 1148 hac
519 1109 776 1161 quaestione
810 1114 1001 1161 quatuor
1037 1109 1300 1162 praecipuae
1336 1110 1547 1164 distingui

152 1182 337 1230 possunt
358 1177 614 1216 sententiae.

211 1254 278 1296 72.
308 1243 468 1283 Prima
517 1250 583 1283 est
633 1244 853 1284 sententia
895 1243 1107 1285 Suaresii3
1148 1251 1193 1285 et
1233 1246 1432 1295 aliorum,
1474 1248 1548 1300 qui

151 1313 312 1353 docent
332 1310 629 1351 voluntarium
652 1311 836 1351 virtuale
858 1312 901 1351 in
924 1325 977 1351 eo
998 1313 1133 1352 situm
1156 1327 1251 1353 esse
1273 1314 1392 1366 quod
1411 1328 1547 1367 quum

151 1393 298 1432 agens,
337 1391 418 1430 mg.
462 1379 660 1419 minister
701 1380 978 1424 sacramenti.
1011 1394 1089 1432 per
1120 1387 1268 1421 actum
1307 1382 1547 1423 voluntatis

146 1448 239 1501 jam
280 1446 493 1499 applicuit
534 1448 775 1487 exteriores
826 1449 1050 1500 potentias
1094 1449 1149 1488 ad
1193 1450 1423 1497 actionem,
1465 1466 1543 1504 vg.

149 1514 485 1556 administrandi
535 1515 810 1563 sacramenti,
841 1515 1013 1564 deinde,
1061 1518 1262 1570 quamvis
1313 1521 1546 1560 cessaverit

150 1582 390 1623 voluntatis
427 1588 563 1631 actus,
598 1589 747 1623 tamen
783 1597 860 1636 per
900 1583 1078 1637 aliquod
1121 1591 1297 1638 tempus
1338 1587 1545 1638 perdurat

149 1657 295 1691 motus
327 1651 387 1690 sic
419 1651 629 1703 potentiis
662 1651 956 1691 exterioribus
989 1652 1237 1705 impressus.
1302 1653 1426 1694 Sicut
1448 1669 1545 1707 v.g.,

148 1725 196 1760 ut
218 1732 308 1759 rem
332 1717 521 1758 illustrat
542 1716 761 1771 Arriaga‚4
785 1721 964 1772 quando
997 1720 1095 1773 quis
1128 1720 1317 1761 intendit
1352 1721 1544 1775 aliquem

148 1786 273 1827 ferire
294 1785 452 1839 lapide,
475 1792 520 1826 et
542 1786 642 1826 ideo
674 1786 869 1840 lapidem
903 1787 945 1827 in
984 1801 1084 1828 eum
1117 1789 1308 1841 conjicit,
1330 1789 1544 1843 impulsus

147 1860 279 1908 quem
301 1854 364 1894 sic
384 1853 521 1907 lapidi
543 1854 755 1908 imprimit
777 1856 879 1896 dein
902 1869 979 1908 per
1000 1855 1169 1909 aliquot
1188 1857 1398 1897 instantia
1414 1859 1543 1899 durat

148 1922 274 1977 (dum
316 1922 488 1963 interim
529 1922 770 1963 voluntatis
810 1929 935 1964 actus
976 1924 1246 1977 projiciendi,
1284 1932 1439 1979 utpote
1478 1928 1541 1967 in-

145 1996 413 2039 stantaneus,
453 1989 543 2042 jam
585 1990 767 2043 physice
807 1991 972 2046 desiit),
1015 1998 1151 2045 atque
1192 1994 1326 2034 etiam
1377 2007 1539 2035 novum

146 2058 383 2110 impulsum
406 2058 609 2110 producit
631 2059 674 2097 in
696 2059 840 2112 capite
861 2059 988 2109 illius,
1010 2060 1053 2100 in
1076 2074 1207 2113 quem
1230 2062 1436 2114 impingit
1457 2077 1465 2112 ;
1496 2063 1539 2103 in

144 2125 229 2165 hoc
249 2139 352 2166 casu
374 2125 588 2177 impulsus
610 2139 759 2175 novus,
787 2133 831 2166 et
862 2127 996 2167 laesio
1029 2128 1072 2167 in
1105 2129 1261 2181 capite,
1284 2130 1415 2182 plane
1437 2138 1540 2172 sunt

145 2192 326 2233 effectus
378 2194 545 2245 primae
596 2194 853 2234 intentionis
905 2194 1099 2248 lapidem
1155 2196 1370 2246 mittendi,
1426 2213 1539 2251 quae

186 2343 195 2361 ¹
220 2342 300 2374 vid.
330 2343 463 2383 Sporer,
490 2344 604 2375 Tract.
631 2351 657 2374 1.
690 2354 765 2385 cap.
783 2344 819 2375 ii.
848 2355 882 2375 n.
900 2352 967 2382 21;
995 2345 1180 2386 Laymann,
1211 2346 1288 2376 Lib.
1310 2354 1338 2377 1.
1372 2346 1485 2377 Tract.
1503 2354 1536 2378 2.

144 2395 508 2465 capiam-scaldus&
525 2430 638 2461 Tract.
660 2438 709 2467 10,
731 2430 829 2471 Disp.
849 2431 871 2460 i.
890 2440 923 2460 n.
945 2437 1019 2470 107.

186 2472 200 2492 ³
219 2473 320 2503 Tract.
342 2473 378 2502 de
392 2472 542 2503 Sacram.
562 2473 600 2503 in
620 2474 747 2510 Genere,
767 2473 865 2513 Disp.
887 2481 938 2513 13.
955 2478 1036 2505 sect.
1055 2474 1102 2504 iii.
1120 2484 1154 2504 n.
1172 2473 1204 2504 6.

184 2513 197 2533 ⁴
210 2516 309 2556 Apud
328 2516 372 2546 A.
391 2516 498 2555 Mayr,
524 2516 628 2546 leeol.
647 2517 817 2553 Scholast„
833 2517 946 2547 Tract.
967 2525 1018 2548 10.
1037 2517 1135 2558 Disp.
1150 2517 1173 2547 i.
1192 2527 1225 2546 n.
1247 2524 1305 2556 107
