1716 2729
123 82 161 110 n.
185 68 241 123 9.]
577 73 628 113 de
647 74 829 116 Actibus
850 76 1088 121 Humanis.
1475 87 1531 137 67

186 183 275 236 178.
313 185 470 240 Itaque
491 188 701 240 quoniam
724 189 794 229 hic
816 190 961 243 agitur
983 193 1038 233 de
1060 194 1278 248 principio
1304 199 1525 239 tradendo

123 253 328 304 generali,
360 268 448 307 quo
481 256 915 308 comprehendantur
950 273 1078 301 casus
1114 275 1281 312 omneS‚
1311 273 1530 319 quotquot

124 321 267 361 verbis
288 323 489 375 principii
512 324 830 377 exprimantur,
851 333 894 367 et
918 328 1018 368 ideo
1041 343 1129 370 non
1152 332 1285 372 debet
1308 337 1522 376 recenseri

117 388 314 428 conditio
336 389 482 442 aliqua
499 390 581 431 nisi
604 398 823 444 quatenus
846 395 989 448 reipsa
1012 397 1056 436 in
1080 400 1234 450 quovis
1258 414 1359 441 casu
1383 404 1527 456 requi-

115 461 245 505 ratur,
280 456 412 508 plane
444 460 740 500 necessarium
773 469 878 512 erat,
905 470 952 504 ut
975 465 1082 506 satis
1105 466 1414 510 demonstrant
1448 485 1524 511 ex-

117 523 313 576 emplum
346 537 389 566 n.
429 536 516 578 143.
551 528 765 569 traditum
799 537 842 572 et
864 531 951 572 alia
985 532 1199 574 hactenus
1238 538 1459 589 exposita,
1499 554 1524 579 a

115 592 339 631 communi
400 593 493 633 TT.
555 593 764 648 loquendi
827 601 961 640 modo
1022 601 1304 654 aliquatenus
1366 606 1524 646 saltem

118 659 332 699 recedere.

179 779 266 821 179.
301 771 522 824 Principio
553 773 614 814 sic
658 778 878 830 exposito,
910 780 1155 822 tradendae
1199 789 1301 824 sunt
1345 785 1524 837 regulae

116 838 347 888 quaedam,
379 853 565 892 quarum
600 856 685 895 ope
730 843 900 886 facilius
933 847 1030 900 quis
1064 850 1225 901 poterit
1257 851 1300 890 in
1338 852 1522 905 singulis

116 905 290 945 casibus
317 906 516 959 judicare
538 923 645 950 num
678 912 794 951 adsit
817 927 868 953 ea
891 915 1004 955 ratio
1025 918 1350 969 proportionale
1363 921 1522 972 gravis

115 985 246 1025 quarn
272 974 413 1027 exigit
434 977 632 1017 conditio
654 981 858 1020 secunda.
914 981 978 1023 At
1000 984 1143 1036 primo
1167 986 1519 1030 animadverten-

115 1041 221 1080 dum
244 1047 311 1082 est
332 1042 402 1082 hic
424 1056 512 1084 non
545 1058 641 1086 esse
672 1049 971 1099 quaerendam
995 1052 1192 1104 regulam
1225 1055 1518 1097 universalem

114 1120 202 1159 qua
242 1110 412 1161 possint
453 1113 610 1153 resolvi
652 1128 778 1155 casus
821 1129 975 1158 omnes
1018 1126 1239 1174 quotquot
1291 1124 1489 1165 oriantur
1508 1140 1517 1175 ;

114 1177 276 1217 etenim
300 1179 341 1227 ii,
364 1185 413 1219 ut
435 1181 496 1220 ait
517 1181 729 1233 Billuart,1
752 1184 934 1226 infinitis
965 1201 1104 1241 prope
1136 1191 1279 1231 modis
1304 1191 1515 1233 diversifi-

113 1251 280 1294 cantur,
305 1246 492 1300 ideoque
515 1263 626 1301 opus
650 1257 716 1292 est
738 1258 786 1292 ut
818 1267 896 1303 res,
921 1268 1083 1308 magna
1115 1258 1272 1298 saltem
1297 1273 1353 1299 cx
1377 1267 1514 1312 parte,

113 1311 293 1352 arbitrio
314 1315 597 1366 prudentium
631 1325 674 1359 et
705 1323 930 1361 communi
963 1323 1193 1366 hominum
1217 1329 1363 1367 sensui
1387 1329 1512 1369 relin-

112 1385 280 1430 quatur.
344 1381 471 1434 Quae
493 1383 553 1424 ita
575 1392 841 1438 statuuntur,
865 1390 920 1429 de
952 1392 1126 1433 casibus
1157 1394 1314 1434 saltem
1338 1397 1512 1448 saepius

110 1449 451 1499 occurrentibus,
466 1450 558 1492 TT.
573 1455 752 1495 tradunt
769 1457 812 1496 in
835 1457 1018 1510 singulis
1039 1461 1219 1502 Moralis
1239 1463 1511 1516 Theologiae

108 1516 380 1567 tractatibus,
402 1520 563 1570 partim
587 1523 768 1573 quidem
791 1524 834 1564 in
857 1525 1072 1568 Tractatu
1096 1530 1150 1569 de
1175 1529 1412 1581 Charitate,
1435 1533 1509 1572 ubi

108 1584 348 1635 exponitur
376 1589 611 1628 communis
641 1591 855 1643 obligatio
887 1594 1112 1636 charitatis
1144 1611 1275 1651 supra
1309 1600 1368 1646 (n.
1397 1600 1506 1650 116.)

106 1658 362 1703 memorata,
394 1655 553 1706 partim
584 1658 717 1698 etiarn
755 1660 797 1698 in
831 1660 1112 1704 Tractatibus
1145 1666 1199 1706 de
1229 1666 1421 1718 Justitia,
1453 1671 1508 1709 de

107 1719 432 1772 Temperantia,
455 1722 510 1762 de
531 1723 707 1765 Virtute
730 1726 988 1780 Religionis,
1011 1731 1067 1771 de
1090 1731 1402 1784 Sacramentis,
1427 1744 1505 1776 etc.

105 1796 202 1837 etc„
226 1790 268 1829 in
292 1791 451 1843 quibus
473 1801 760 1845 exponuntur
789 1798 982 1849 speciales
1012 1800 1306 1854 obligationes
1339 1805 1503 1845 ibidem

104 1864 385 1899 memoratae.
437 1858 657 1902 Convenit
679 1869 828 1904 tamen
846 1865 917 1906 hic
939 1868 1112 1909 tradere
1131 1872 1350 1922 quaedam
1374 1872 1504 1926 hujus

104 1924 164 1963 rei
186 1925 333 1977 capita
355 1927 496 1979 magis
519 1928 659 1970 obvia.

167 1991 256 2032 180.
286 1992 455 2045 Regzcla
471 1995 643 2037 Prima.
688 1999 866 2040 Praeter
888 2001 1024 2053 ipsius
1046 2003 1266 2046 humanae
1290 2007 1502 2048 libertatis

102 2071 241 2107 usum,
259 2062 655 2117 necessitatemque
673 2068 923 2108 commercii
942 2069 1054 2110 inter
1069 2071 1271 2114 homines
1289 2079 1488 2118 servandi
1495 2112 1501 2121 .

100 2126 186 2166 alia
208 2141 295 2168 non
319 2131 551 2182 requiritur
572 2134 684 2173 ratio
706 2140 755 2175 ut
777 2135 895 2176 licite
917 2136 994 2178 fiat
1026 2140 1069 2179 id
1087 2154 1145 2180 ex
1168 2155 1256 2195 quo
1274 2146 1500 2197 praevide—

99 2201 198 2235 atur
229 2197 471 2248 periculum
504 2200 687 2253 alicujus
720 2203 823 2243 mali
856 2208 1057 2257 secuturi,
1091 2211 1263 2262 quoties
1298 2214 1356 2265 (a)
1391 2216 1501 2266 peri-

99 2263 245 2303 culum
263 2264 379 2305 istud
397 2280 484 2306 non
508 2268 564 2308 sit
574 2269 804 2321 probabile,
822 2279 898 2313 aut
923 2274 980 2328 (b)
1000 2289 1132 2317 causa
1154 2284 1327 2320 tantum
1347 2289 1501 2322 remote

96 2339 327 2373 concurrat
348 2335 404 2375 ad
422 2335 627 2377 effectum
647 2338 1039 2385 malum.2—Secus
1063 2346 1179 2386 enim
1201 2348 1277 2388 vix
1306 2363 1500 2402 unquam

288 2464 297 2483 ¹
316 2466 371 2497 Τν.
389 2467 425 2497 de
439 2468 596 2509 Justitia,
617 2471 714 2512 Disp.
733 2472 763 2503 8.
780 2478 841 2505 art.
860 2475 930 2506 xiii.
953 2475 967 2516 ᾗ
985 2476 1016 2508 6.

288 2508 390 2541 2Vid.
412 2511 550 2550 Laloux‚
577 2514 633 2544 Tr.
652 2516 689 2546 a'e
706 2519 778 2547 Act.
796 2518 979 2555 Humanis,
999 2520 1086 2552 Part.
1107 2521 1140 2551 ii.
1160 2532 1233 2562 cap.
1252 2532 1284 2561 4.
