1716 2729
156 91 230 120 nn.
252 80 306 119 28
323 92 333 129 ;
363 89 430 130 31,
450 77 537 131 32.]
611 78 662 119 de
683 78 866 120 Actibus
886 79 1122 121 Humanis.
1476 91 1565 134 205,

155 193 385 244 affirmare,
417 193 643 234 moraliter
674 193 829 234 bonnm
865 208 943 236 seu
974 195 1195 236 honestum
1225 210 1321 237 esse
1352 198 1395 238 id
1429 211 1570 239 omne

154 263 274 316 quod
296 262 532 303 conveniat
546 268 732 303 naturae
746 262 939 303 hominis
957 264 1170 304 rationali
1186 278 1263 305 seu
1279 265 1561 308 intellectuali.

155 331 245 373 Hic
275 345 358 384 v.g.
387 331 502 371 inter
537 329 645 371 fines
680 331 982 372 indifferentes
1016 340 1216 373 recenset
1251 333 1569 376 Mondschein¹

153 400 470 453 “voluptatem
507 399 714 448 sciendi,”
749 406 794 440 et
837 404 1053 453 “gustum
1073 401 1093 417 ’'
1134 415 1268 455 quem
1312 403 1563 445 matheseos

151 468 320 522 peritus
354 468 584 520 experitur
620 468 663 508 in
697 469 1082 510 demonstratione
1116 470 1435 512 mathematica
1466 487 1565 526 per-

151 536 402 577 scrutanda.
466 536 538 576 De
557 535 626 576 his
645 537 804 577 iterum
829 536 960 577 infra²
980 538 1213 579 videbitur.

211 614 306 656 595.
339 604 572 645 Praeterea
613 604 659 644 6⁰
700 606 950 646 notandum
993 612 1061 646 est
1103 607 1414 660 quaestionem
1467 623 1564 650 esse

149 679 325 714 tantum
348 687 404 714 an
426 680 552 714 actus
583 674 723 726 possit
734 682 819 727 per
846 689 889 714 se
920 689 1015 716 esse
1036 689 1168 716 sensu
1201 677 1411 730 exposito
1433 677 1565 718 indif-

149 741 324 793 ferens;
366 755 511 794 neque
552 742 670 782 enim
713 742 979 784 Thomistae
1019 750 1189 797 negant
1231 744 1276 784 id
1320 759 1452 798 posse
1481 753 1568 799 per

148 811 339 851 accidens
372 810 478 860 fieri,
510 810 572 851 ita
613 817 663 851 ut
694 811 923 852 moralitas
966 819 1104 861 actus,
1148 813 1223 866 qui
1255 812 1452 866 olgjcctit'e
1485 829 1563 856 seu

149 879 438 919 materialiter
464 879 609 919 bonus
640 879 698 920 sit
732 887 810 920 aut
848 880 1003 930 malus,
1038 888 1188 921 tamen
1221 895 1309 922 non
1343 883 1565 924 tribuatur

147 948 312 1000 agenti,
342 946 468 1000 cujus
489 954 616 988 actus
653 948 788 1000 igitur
807 948 1036 1001 subjective
1054 963 1131 990 seu
1157 951 1422 1002 formaliter
1439 966 1578 1005 spec--

148 1022 269 1057 tatus
291 1016 544 1057 indifferens
581 1016 674 1057 erit.
737 1015 872 1070 Quod
908 1018 1090 1070 quidem
1125 1018 1266 1059 tribus
1304 1020 1449 1060 modis
1471 1020 1577 1061 fieri„

148 1091 308 1139 potest.
1046 1130 1058 1142 ‚

211 1155 304 1207 596.
338 1154 412 1196 Sic
435 1154 584 1208 primo
618 1155 765 1195 evenit
788 1155 831 1194 in
863 1155 1036 1196 actibus
1058 1157 1242 1197 omnino
1271 1157 1566 1199 indeliberatis

149 1223 264 1275 “qui
285 1236 344 1262 ex
367 1229 551 1263 naturae
588 1222 782 1276 impulsu
804 1224 1065 1276 procedunt,
1087 1232 1136 1265 ut
1174 1225 1437 1279 plerumque
1459 1234 1562 1268 sunt

149 1304 232 1343 vg.
255 1291 409 1331 fricare
431 1291 629 1338 barbam,
651 1304 834 1332 manum
853 1298 930 1332 aut
951 1293 1113 1345 pedem
1138 1307 1316 1335 movere
1333 1310 1343 1343 ;
1366 1296 1409 1335 hi
1443 1296 1561 1336 enim

154 1372 291 1411 quum
315 1372 402 1399 non
425 1359 514 1400 sint
545 1366 671 1401 actus
692 1359 875 1400 humani
906 1393 914 1401 .
951 1392 962 1402 .
997 1361 1104 1401 satis
1137 1369 1313 1403 constat
1345 1377 1433 1403 non
1466 1378 1562 1405 esse

154 1426 434 1481 [formaliter
450 1441 527 1468 seu
557 1426 799 1483 subjective]
824 1428 964 1468 bonos
1001 1436 1079 1469 aut
1103 1429 1243 1470 malos
1282 1432 1568 1474 moraliter.”³

153 1494 288 1548 Quod
310 1509 463 1536 verum
495 1509 592 1536 esse
624 1502 749 1549 patet
772 1509 861 1536 non
896 1497 1040 1538 solum
1079 1498 1114 1538 si
1152 1499 1311 1552 agitur,
1333 1506 1382 1540 ut
1417 1500 1460 1540 in
1484 1513 1563 1541 ex-

154 1561 312 1615 emplis
334 1561 493 1612 allatis,
514 1562 570 1602 de
592 1563 764 1603 actibus
786 1576 900 1616 quae
921 1564 1167 1604 secundum
1188 1566 1371 1617 speciem,
1393 1580 1470 1607 seu
1504 1580 1563 1608 ex

153 1630 345 1683 objecto,
395 1630 698 1671 indifferentes
750 1638 864 1680 sunt,
907 1632 986 1672 sed
1026 1633 1161 1674 etiam
1193 1635 1250 1675 de
1291 1635 1342 1675 iis
1385 1636 1461 1688 qui
1504 1650 1563 1677 ex

155 1698 333 1751 objecto
355 1706 459 1740 sunt
480 1699 706 1740 moraliter
727 1699 831 1740 boni
853 1706 931 1740 aut
952 1700 1068 1741 mali.

217 1780 311 1822 597.
344 1771 461 1811 Item
502 1769 682 1810 secundo
713 1770 862 1810 evenit
895 1770 939 1809 in
977 1771 1030 1812 iis
1061 1771 1234 1813 actibus
1267 1772 1354 1825 qui,
1386 1774 1468 1814 etsi
1506 1788 1565 1815 ex

154 1838 286 1892 plena
306 1839 638 1888 deliberatione,
661 1844 797 1891 atque
814 1839 950 1879 modo
972 1838 1182 1889 humano,
1196 1847 1347 1881 tamen
1370 1842 1434 1882 ita
1451 1842 1564 1884 fiunt

155 1912 204 1947 ut
225 1920 362 1960 agens
383 1907 440 1947 ad
476 1920 628 1948 eorum
659 1906 959 1947 moralitatem
997 1908 1180 1949 minime
1212 1910 1429 1952 advertat.
1491 1911 1565 1954 Sic

154 1989 249 2029 v.g.,
289 1976 352 2016 ait
398 1975 594 2029 Struggl,
635 1989 768 2029 saepe
808 1975 1008 2028 legimus,
1059 1977 1305 2027 scribimus,
1358 1986 1403 2020 et
1454 1980 1572 2022 alias

154 2044 352 2084 actiones
394 2043 696 2084 indifferentes
747 2057 1021 2094 exercemus,
1072 2046 1167 2087 sine
1217 2046 1460 2088 reflexione
1505 2050 1562 2090 ad

153 2110 379 2151 licentiam
402 2116 448 2152 et
478 2111 653 2164 regulas
689 2110 893 2152 morums‘
955 2112 1058 2166 Quo
1095 2115 1277 2168 quidem
1311 2116 1458 2167 mod0‚
1480 2119 1563 2158 etsi

198 2242 210 2263 1
232 2244 289 2274 Tr.
308 2243 345 2274 de
358 2246 431 2274 Act.
449 2244 634 2281 Humanis,
653 2255 684 2275 n.
701 2252 778 2284 470.

199 2284 213 2304 ‘2
227 2287 307 2317 Vid.
325 2287 423 2324 infra,
442 2297 498 2318 nn.
514 2287 591 2325 621,
610 2287 689 2328 623.

196 2330 211 2351 3
227 2330 307 2361 Vid.
323 2330 447 2366 Gonet,
463 2331 497 2361 T
492 2335 570 2362 ract.
585 2332 623 2362 de
634 2331 830 2362 Moralitate
839 2334 913 2363 Act.
923 2332 1177 2369 Humanarum,
1192 2334 1288 2376 Disp.
1306 2342 1335 2376 5.
1353 2342 1413 2367 art.
1430 2336 1452 2367 i.
1469 2347 1502 2368 n.
1519 2346 1538 2369 2
1552 2351 1570 2377 3.

154 2374 306 2411 Billuart‚
332 2374 388 2405 Tr.
404 2374 442 2405 de
455 2374 530 2404 Act.
548 2375 733 2413 Hunmnis,
754 2375 844 2406 Diss.
860 2384 891 2415 4.
907 2382 971 2407 art.
982 2376 1016 2407 6.

198 2418 211 2437 4
228 2417 306 2448 Vid.
327 2417 491 2459 Vasquez,
512 2418 556 2448 In
576 2426 603 2448 1.
620 2427 650 2449 2.
667 2419 702 2449 S.
733 2418 883 2455 Thomna,
903 2419 1002 2461 Disp.
1022 2427 1075 2461 52.
1094 2430 1168 2461 cap.
1187 2421 1231 2451 iii.
1250 2432 1283 2452 n.
1306 2428 1355 2463 13.

197 2461 211 2481 ⁵
228 2461 282 2492 Ita
307 2460 456 2502 Struggl.
482 2461 587 2491 Theol.
613 2462 769 2497 Mmalis,
797 2462 915 2493 Traet.
941 2471 969 2493 1.
989 2471 1117 2504 quaest.
1143 2464 1176 2494 ii.
1201 2475 1233 2495 n.
1250 2464 1305 2495 28.
1355 2465 1434 2497 vid.
1459 2467 1565 2499 etiam

155 2504 290 2541 Suarez,
311 2504 370 2534 Tr.
383 2505 421 2535 de
433 2504 589 2536 Bom'tatc
598 2510 627 2535 el
638 2506 776 2536 illale'tia
789 2507 863 2536 Act.
879 2506 1132 2542 Humanarum,
1143 2507 1239 2550 Disp.
1252 2516 1284 2548 9.
1301 2516 1381 2540 sect.
1393 2510 1439 2541 iii.
1450 2520 1543 2553 n.·1o
1556 2522 1572 2549 ᾳ

155 2549 203 2579 A.
221 2548 330 2589 Mayr,
350 2547 464 2580 Tract.
483 2557 515 2587 4.
532 2548 620 2589 disp.
639 2549 662 2579 i.
681 2554 808 2590 quaest.
825 2557 858 2590 3.
870 2556 934 2581 art.
952 2549 999 2581 iii.
1015 2559 1052 2581 n.
1074 2549 1145 2582 188.
