1716 2729
190 60 243 102 32
772 47 998 88 Traclalus
1404 46 1583 100 [GURY,

522 195 539 239 ξ
563 201 601 240 4.
625 189 693 229 De
723 187 972 230 Voluntaria
1002 189 1048 230 z'n
1079 188 1231 230 Causa.

251 276 317 317 88.
348 271 1116 318 Praenotanda.—Praetermissis
1131 273 1313 313 caeteris
1335 271 1582 327 speciebus,

191 341 438 392 voluntarii,
458 341 501 381 in
523 341 681 394 quibus
719 339 838 380 nulla
869 340 1087 381 invenitur
1117 340 1351 382 difficultas
1374 339 1575 394 specialis

192 409 263 449 hic
284 409 503 462 agendum
527 414 592 448 est
614 408 669 448 de
690 407 936 448 voluntario
959 408 1004 448 in
1025 422 1163 449 cansa.

253 478 318 530 89.
352 476 585 529 Ejusmodi
620 475 929 525 voluntarium,
969 476 1050 516 etsi
1092 490 1179 516 non
1231 481 1297 516 est
1346 474 1585 516 voluntatis

195 544 418 598 objectum
441 544 624 584 formale
645 556 722 584 seu
753 557 1024 596 expressum,
1046 544 1160 584 illius
1191 549 1340 585 tamen
1363 542 1586 596 objectum

195 626 346 653 verum
384 618 462 661 est,
496 613 606 652 adeo
642 618 689 652 ut
726 612 964 665 aliquando
998 612 1170 665 possint
1206 612 1354 666 agenti
1388 611 1520 651 etiam
1542 610 1585 650 in

197 680 373 733 culpam
396 679 602 733 imputari
625 693 676 719 ea
708 693 821 732 quae
854 678 936 719 hoc
971 684 1145 720 tantum
1178 680 1312 719 modo
1342 678 1588 719 voluntaria

196 748 296 788 sint.
359 746 433 788 Sic
454 761 532 799 vg.
557 752 605 787 ut
628 747 723 799 quis
756 761 853 787 reus
890 746 1114 787 ebrietatis
1152 752 1390 796 censeatur,
1411 759 1591 787 necesse

198 828 286 855 non
309 820 375 855 est
396 821 444 856 ut
466 828 673 868 expresse
695 828 771 855 seu
805 815 849 855 in
885 829 930 855 se
960 814 1198 855 intenderit
1228 814 1344 854 hunc
1377 814 1443 854 sui
1465 819 1588 854 actus

199 882 401 923 effectum
419 897 428 932 ;
461 883 568 923 satis
591 883 707 923 enim
731 888 797 922 est
828 883 862 921 si
895 882 1156 935 praevidens
1189 881 1446 922 ebrietatem
1468 894 1588 922 secu-

198 957 356 1000 turam,
408 950 688 990 nihilominus
748 949 918 999 biberit,
968 963 1051 1002 v.g.
1103 949 1161 990 ob
1210 949 1349 989 solam
1411 949 1588 990 bibendi

198 1018 490 1071 voluptatem.

258 1153 323 1192 90.
348 1140 639 1195 Quaestiones
660 1141 774 1182 duae
787 1141 857 1181 hic
878 1148 1122 1194 exsurgunt
1141 1155 1150 1182 :
1179 1144 1230 1192 1²,
1251 1154 1467 1194 quaenam
1489 1154 1595 1181 con-

201 1209 391 1250 ditiones
413 1209 689 1262 requirantur
708 1215 756 1249 ut
778 1209 943 1262 aliquid
966 1194 1524 1249 censeatuY‘voluntarium
1546 1207 1592 1247 in

201 1291 329 1317 causa
347 1291 362 1316 .·
382 1280 448 1342 ἐξ,
494 1291 712 1330 quaenam
754 1277 1030 1329 requirantur
1069 1282 1118 1317 ut
1159 1282 1292 1330 queat
1330 1275 1508 1329 insuper
1546 1274 1592 1315 in

202 1346 367 1398 culpam
390 1347 594 1399 imputari
616 1347 630 1386 ?

260 1425 331 1463 91.
367 1414 451 1453 His
492 1414 710 1467 quaedam
743 1412 1068 1466 praemittenda
1111 1417 1214 1452 sunt
1253 1412 1309 1452 de
1348 1411 1593 1465 praecipuis

203 1481 432 1533 speciebus
450 1494 677 1522 causarum
698 1495 705 1520 :
728 1494 840 1532 quae
851 1479 1028 1532 quidem
1044 1478 1258 1532 plurimae
1275 1483 1392 1519 sunt.
1414 1477 1594 1518 Etenim

205 1561 336 1589 causa
368 1554 434 1588 est

267 1617 305 1654 1⁰
325 1614 583 1655 Immediata
604 1614 672 1655 vel
690 1613 886 1654 mediata.
949 1612 1081 1653 Prz'or
1101 1618 1166 1653 est
1180 1626 1232 1653 ea
1253 1626 1366 1666 quae
1387 1611 1592 1652 effectum

204 1682 407 1735 producit
457 1682 576 1722 nulla
622 1682 708 1721 alia
759 1695 890 1721 causa
940 1681 1257 1721 interveniente
1277 1694 1287 1730 ;
1335 1693 1415 1733 v.g.
1467 1680 1593 1733 glans

204 1751 425 1804 plumbea,
474 1763 573 1802 qua,
628 1763 685 1789 ex
725 1749 923 1802 sclopeto
963 1749 1134 1797 emissa,
1175 1748 1271 1801 quis
1327 1748 1591 1794 vulneratur,

203 1817 454 1857 immediata
475 1831 607 1857 causa
628 1822 693 1856 est
715 1817 902 1856 vulneris
924 1817 984 1856 sic
1005 1815 1166 1856 inflicti.
1228 1815 1450 1856 Posterior
1460 1821 1526 1855 est
1543 1829 1594 1855 ea

204 1900 317 1939 quae
339 1885 542 1926 effectum
565 1899 651 1925 non
675 1885 875 1938 producit
897 1885 978 1924 nisi
996 1885 1081 1925 alia
1102 1897 1233 1925 causa
1250 1884 1565 1925 interveniente
1585 1898 1594 1923 2

202 1967 281 2006 vg.
306 1954 348 1993 in
370 1954 526 1994 eodem
567 1953 785 2006 exemplo,
827 1952 899 1992 ille
943 1953 1016 2005 qui
1051 1951 1260 2005 glandem
1297 1965 1355 1992 ex
1399 1950 1594 2004 sclopeto

204 2021 349 2061 emisit
369 2028 435 2061 est
456 2020 645 2060 vulneris
667 2034 798 2060 causa
821 2020 1017 2060 mediata.

263 2091 305 2128 2⁰
326 2088 591 2141 Principalis
612 2088 678 2128 vel
702 2087 1050 2128 instrumenlalz's.
1101 2087 1239 2128 Prior
1258 2093 1325 2127 est
1345 2101 1397 2127 ea
1419 2101 1476 2127 ex
1508 2100 1599 2139 qua-

203 2155 384 2196 effectus
406 2156 609 2208 primario
631 2156 864 2208 dependet,
886 2161 934 2196 ut
963 2168 1043 2207 vg.
1066 2155 1251 2208 scriptor
1271 2168 1280 2204 ;
1301 2154 1514 2206 posterior
1543 2167 1595 2194 ea

203 2229 268 2263 est
291 2237 403 2276 quae
425 2237 450 2263 a
472 2237 602 2263 causa
627 2223 856 2276 principali
896 2228 1097 2263 movetur
1138 2228 1181 2263 et
1218 2223 1391 2275 regitur,
1431 2227 1480 2262 ut
1509 2234 1591 2273 vg.

201 2291 425 2333 calamus)

262 2361 304 2409 3⁰
334 2357 519 2410 Physica
549 2359 617 2398 vel
649 2358 836 2398 moralis.
898 2357 1034 2398 Prior
1063 2362 1128 2398 est
1161 2370 1211 2397 ea
1242 2370 1354 2410 quae
1386 2356 1593 2397 effectum

497 2512 509 2533 ²
521 2513 574 2544 Ita
590 2512 780 2555 Tongiorgi,
802 2514 910 2544 lnstit.
928 2513 1032 2549 Phil„
1051 2513 1125 2544 Lib.
1143 2514 1177 2543 ii.
1196 2523 1227 2544 n.
1249 2513 1323 2552 264.
