1716 2729
150 75 187 104 n.
211 65 263 114 8.]
585 64 638 104 de
656 63 837 104 Actibus
857 63 1094 103 Humanis.
1481 76 1537 117 49

144 178 301 231 requiri
325 177 508 219 alteram
532 176 844 227 conditionem,
860 191 973 230 quae
991 178 1134 230 exigit
1156 179 1363 219 rationem
1378 180 1536 232 agendi

137 247 453 302 proportionale
486 259 678 299 gravem.
741 245 921 285 Etenim
954 245 1165 298 profectO,
1198 253 1244 286 ut
1266 247 1360 286 TT.
1385 253 1536 287 notare

143 315 298 364 solent,
321 314 532 355 naturalis
564 314 660 367 ipsa
681 313 882 366 aequitas
910 326 1130 365 quemque
1152 313 1319 366 obligat
1341 316 1395 354 ad
1419 315 1535 354 mala

144 382 327 422 vitanda
341 387 386 421 et
400 382 454 421 ad
474 380 779 433 praecavenda
799 380 976 420 alterius
991 380 1166 429 damna,
1183 381 1273 421 sive
1295 383 1537 434 spiritualia

146 449 236 489 sive
257 448 531 501 temporalia,
551 448 709 488 saltem
727 448 901 501 quoties
918 447 962 488 id
980 454 1127 501 potest
1144 448 1235 488 fieri
1258 449 1350 489 sine
1371 450 1536 490 damno

146 517 477 570 proportionate
497 517 618 569 gravi
642 516 723 569 ipsi
745 515 1001 557 obventuro.

207 595 296 635 129.
334 584 460 624 Haec
481 590 632 624 tamen
655 583 865 632 conditio,
883 590 931 623 ut
954 583 1034 624 rite
1055 583 1336 637 intelligatur,
1349 585 1532 637 longiori

147 652 428 704 expositione
466 652 646 704 indiget.
710 651 969 691 Notandum
1006 652 1140 704 igitur
1160 658 1227 692 est
1260 656 1299 692 1⁰
1321 653 1534 692 rationem

149 721 308 773 agendi
335 720 653 773 proportionale
677 733 860 774 gravem
889 726 983 760 tum
1012 719 1168 760 adesse
1196 720 1361 760 censeri
1384 733 1536 773 quum,

145 788 372 841 perpensis
414 789 641 840 utriusque
682 788 819 841 partis
861 788 1106 827 commodis
1149 793 1192 827 et
1232 788 1536 835 incommodis,

142 856 402 909 perspicitur
428 856 740 896 incommodum
764 856 978 896 oriturum
1001 869 1059 895 ex
1081 856 1348 908 imponenda
1371 855 1536 908 obliga-

141 923 261 963 tione
299 937 387 977 qua
430 924 643 972 homines,
679 925 719 963 in
758 924 809 963 iis
855 936 997 963 rerum
1033 923 1251 976 adjunctis
1287 923 1341 963 de
1377 923 1534 976 quibus

144 992 301 1044 agitur,
324 998 578 1032 tenerentur
599 991 817 1032 abstinere
839 991 1074 1044 quominus
1105 1004 1283 1031 causam
1310 998 1534 1044 ponerent,

142 1059 284 1112 majus
307 1073 401 1100 esse
423 1073 556 1113 quam
580 1059 648 1100 cui
671 1059 966 1112 aequivaleret
987 1059 1154 1099 bonum
1176 1073 1252 1099 seu
1274 1060 1534 1099 commodum

140 1127 259 1179 quod
300 1141 358 1167 ex
394 1127 666 1180 obligatione
699 1127 906 1179 imposita
942 1127 1203 1179 proveniret.
1267 1127 1340 1168 Sic
1375 1141 1457 1180 v.g.
1490 1128 1533 1167 in

140 1195 348 1247 exemplo
379 1196 592 1248 cauponis
624 1209 663 1235 n.
695 1206 786 1244 124.
810 1194 958 1244 allato,
981 1196 1345 1248 perpendendum
1379 1203 1444 1235 est
1477 1209 1535 1235 ex

139 1275 225 1302 una
248 1269 373 1315 parte
395 1262 725 1303 incommodum
756 1263 861 1303 lucri
891 1262 1138 1311 omittendi,
1159 1269 1293 1315 atque
1317 1276 1373 1302 ex
1396 1263 1535 1304 altera

141 1330 424 1370 commodum
462 1344 519 1370 ex
554 1330 837 1382 obligatione,
871 1330 906 1369 si
944 1331 1170 1380 existeret,
1206 1336 1532 1384 proventurum,

140 1411 300 1450 nempe
322 1398 458 1438 minui
477 1398 728 1439 occasiones
745 1398 1110 1450 intemperantiae
1125 1398 1303 1439 bibendi
1326 1399 1359 1438 si
1381 1399 1531 1439 vinum

142 1465 203 1506 sic
225 1466 414 1505 vendere
436 1480 522 1506 non
555 1466 704 1506 liceret
725 1481 733 1506 :
765 1466 883 1518 quod
916 1466 951 1505 si
982 1466 1325 1516 incommodum,
1347 1472 1532 1519 utraque

140 1539 265 1586 parte
295 1548 524 1587 perpensa,
552 1535 738 1574 nimium
767 1535 838 1584 sit,
862 1541 1065 1575 censetur
1096 1549 1189 1576 esse
1218 1537 1329 1576 ratio
1350 1550 1530 1590 propor-

138 1603 305 1644 tionate
326 1605 472 1656 gravis
493 1610 540 1644 ut
562 1605 712 1644 vinum
734 1606 796 1645 sic
818 1605 1007 1645 vendere
1031 1605 1170 1646 liceat.

201 1682 290 1722 130.
326 1672 413 1712 Hic
449 1673 565 1712 enim
599 1673 744 1725 agitur
776 1673 832 1713 de
867 1673 1084 1714 tradenda
1116 1675 1266 1727 regula
1287 1676 1528 1716 secundum

138 1752 272 1791 quarn
314 1740 553 1793 prudenter
590 1739 777 1793 judicari
828 1742 967 1794 possit
1018 1748 1164 1782 utrum
1215 1743 1331 1783 actio
1369 1743 1528 1796 aliqua,

139 1812 337 1859 spectato
354 1806 451 1859 jure
473 1808 675 1858 naturali,
695 1807 814 1849 licita
836 1809 892 1848 sit
923 1823 978 1849 an
1011 1809 1162 1850 illicita
1184 1824 1260 1850 seu
1283 1810 1525 1853 inhonesta.

140 1874 356 1926 Jamvero‚
378 1876 458 1915 etsi
490 1877 670 1916 omnino
693 1877 978 1917 statuendum
1009 1884 1086 1927 est,
1108 1879 1227 1931 quod
1250 1878 1379 1919 latius
1402 1879 1528 1919 infral

137 1942 395 1992 videbimus,
418 1944 612 1984 actiones
635 1945 810 1997 quasvis
824 1944 1034 1985 honestas
1051 1959 1146 1985 esse
1167 1952 1243 1986 aut
1259 1946 1525 1999 inhonestas,

137 2017 266 2062 prout
302 2017 503 2052 aeternae
540 2013 625 2052 Dei
663 2013 748 2066 legi
783 2013 1027 2054 conformes
1066 2020 1141 2054 aut
1172 2015 1394 2055 difformes
1425 2017 1522 2066 sint,

137 2079 403 2119 censendum
443 2086 591 2120 tamen
628 2093 717 2121 non
753 2086 820 2121 est
855 2080 968 2121 hanc
999 2082 1196 2135 regulam
1218 2084 1523 2124 moralitatisa

135 2144 270 2186 libera
310 2147 394 2187 Dei
434 2147 664 2188 voluntate
713 2148 904 2202 pendere
930 2163 939 2199 ;
989 2150 1204 2203 plurimae
1255 2152 1371 2191 enim
1422 2158 1524 2192 sunt

136 2214 342 2264 actiones,
364 2221 413 2256 ut
433 2215 598 2256 ibidem
620 2215 879 2266 videbimus,
901 2230 1013 2270 quae
1034 2219 1097 2258 ita
1117 2225 1300 2259 naturae
1320 2219 1521 2259 rationali

138 2282 405 2322 conveniunt
436 2289 511 2324 aut
542 2284 891 2334 disconveniunt,
913 2291 962 2326 ut
992 2285 1116 2327 Deus
1147 2288 1324 2327 easdem
1347 2286 1526 2339 permit-

137 2355 246 2399 tens,
267 2350 530 2403 approbans,
560 2357 638 2392 aut
668 2352 916 2404 prohibens,
940 2354 1121 2395 omnino
1151 2354 1378 2394 necessario
1408 2359 1524 2406 agat,

534 2503 543 2521 ¹
572 2504 648 2536 Vid.
665 2505 763 2537 infra.
781 2516 837 2536 nn.
858 2504 930 2545 368,
949 2513 1025 2546 371.
