1716 2729
104 131 178 159 nn.
206 129 222 158 1
236 129 268 168 1,
295 117 376 171 12.]
578 116 630 156 a'e
647 115 830 156 Actibus
850 114 1085 156 Humanis.
1464 120 1516 170 83

104 233 354 274 libertatem
377 247 403 273 a
420 232 624 273 coactione
644 230 854 280 sufficere,
877 238 921 271 et
955 230 1056 270 ideo
1079 231 1303 283 negabant
1337 232 1513 273 liberta-

105 308 196 342 tem
219 316 244 342 a
265 301 508 342 necessitate
527 299 700 352 requiri,
723 299 780 339 ad
813 298 1072 338 merendum
1097 304 1173 338 aut
1195 299 1250 338 ad
1283 299 1511 341 demeren-

105 374 225 422 dum,
247 373 290 412 in
312 372 397 412 hoc
417 377 536 411 statu
559 376 743 410 naturae
765 369 928 422 lapsae.

163 453 258 492 204.
292 440 555 480 Doctrinam
605 437 882 479 Catholicam
936 435 1133 476 stabilire
1175 436 1384 477 adversus
1428 438 1509 478 hos

103 523 269 551 errores
289 509 346 549 ad
369 508 663 560 Theologiam
687 507 1004 559 Dogmaticam
1032 512 1216 559 spectat.
1279 505 1379 547 Vid.
1403 506 1509 548 AA.

103 581 148 620 in
170 579 382 619 Tractatu
405 579 461 619 de
484 576 653 619 Gratia.
721 577 810 617 Hic
841 582 991 616 tamen
1029 575 1108 615 abs
1137 589 1182 615 re
1214 589 1301 616 non
1334 576 1509 617 videtur

103 648 324 702 quaedam
347 647 495 699 capita
516 645 859 699 argumentandi
882 645 1087 685 indicare.

162 726 256 769 205.
288 714 449 768 Itaque
483 730 549 756 res
591 714 821 755 conficitur
863 722 902 753 1⁰
939 727 996 754 ex
1030 713 1311 766 Scripturis;²
1343 713 1507 754 etenim

104 785 254 826 multis
290 785 334 824 in
369 784 476 824 locis
507 783 764 832 affirmatur,
792 788 869 823 aut
905 781 1000 822 aliis
1030 781 1174 821 modis
1211 780 1330 821 haud
1364 781 1508 822 minus

99 856 264 896 diserte
305 853 536 901 indicatur,
579 852 761 892 omnino
803 864 861 890 ex
902 850 1038 903 ipsius
1090 849 1282 889 hominis
1325 849 1508 890 arbitrio

100 923 305 977 pendere,
327 921 461 962 etiam
484 921 527 960 in
551 920 770 974 praesenti
792 925 912 959 statu
936 924 1120 958 naturae
1139 915 1303 971 lapsae,
1325 924 1374 958 ut
1395 918 1510 960 bene

101 998 178 1032 aut
219 990 334 1031 male
375 997 490 1042 agat.
555 987 627 1029 Sic
661 1001 742 1041 vg.
788 987 956 1036 (Deut.‚
999 1000 1110 1026 XXX.
1160 986 1277 1039 19.);
1311 987 1507 1027 “Testes

99 1061 257 1101 invoco
278 1058 413 1099 hodie
433 1057 606 1098 coelum
641 1064 686 1097 et
719 1065 894 1106 terram,
915 1057 1035 1109 quod
1059 1056 1354 1109 proposuerim
1390 1057 1508 1098 vobis

99 1129 238 1169 vitam
280 1134 324 1168 et
367 1134 570 1176 mortem,
613 1126 970 1166 benedictionem
1023 1131 1067 1165 et
1115 1125 1475 1166 maledictionem
1497 1141 1505 1170 :

99 1198 205 1250 elige
225 1209 330 1249 ergo
352 1195 503 1243 vitam,
526 1201 574 1234 ut
610 1200 653 1234 et
675 1200 722 1234 tu
754 1194 875 1233 vivas
909 1200 953 1234 et
975 1206 1126 1233 semen
1164 1194 1505 1235 tuum.’'——-Item

100 1267 265 1319 (Josue,
286 1264 410 1304 xxiv.
438 1274 500 1314 14,
528 1262 634 1313 15.):
669 1265 689 1281 “
710 1262 839 1302 Nunc
873 1275 978 1314 ergo
1000 1262 1155 1302 timete
1191 1250 1438 1303 Dominum
1462 1269 1506 1303 et

98 1333 260 1374 servite
281 1332 319 1372 ei
361 1364 369 1372 .
413 1364 421 1372 .
465 1329 544 1371 Sin
567 1336 715 1370 autem
733 1328 899 1369 malum
914 1329 1039 1369 vobis
1053 1330 1228 1370 videtur
1241 1337 1290 1371 ut
1308 1331 1505 1371 Domino

96 1405 311 1453 serviatis,
331 1403 440 1455 optio
462 1403 580 1443 vobis
599 1402 735 1442 datur
750 1419 764 1443 .·
796 1402 940 1455 eligite
958 1403 1090 1443 hodie
1111 1405 1231 1456 quod
1262 1404 1506 1457 placet.''—

100 1475 266 1515 Iterum
308 1472 476 1525 (Eccli.‚
513 1485 585 1512 xv.
634 1475 746 1522 14);
799 1474 823 1493 ·‘
839 1471 963 1511 Deus
1005 1471 1061 1512 ab
1103 1472 1229 1513 initio
1271 1474 1503 1514 constituit

95 1542 335 1590 hominem,
357 1547 401 1580 et
423 1539 600 1592 reliquit
620 1540 745 1580 illuni
767 1540 813 1580 in
837 1553 969 1580 mann
990 1541 1162 1582 consilii
1179 1542 1258 1582 sni.
1323 1542 1506 1595 Adjecit

97 1611 309 1651 mandata
330 1615 375 1650 et
396 1615 634 1661 praecepta
655 1622 761 1648 sua:
795 1608 829 1648 si
863 1608 1053 1649 volueris
1083 1623 1256 1650 servare
1280 1612 1505 1660 mandata,

94 1678 423 1719 conservabunt
458 1683 502 1717 te
558 1709 566 1718 .
622 1705 632 1715 .
688 1710 696 1717 .
743 1675 867 1716 Ante
895 1676 1124 1717 hominem
1162 1679 1253 1718 vita
1293 1686 1337 1719 et
1375 1693 1504 1729 morS‚

97 1748 263 1788 bonum
285 1752 331 1787 et
351 1745 518 1786 malum
539 1759 548 1795 ;
591 1744 707 1797 qnod
724 1744 942 1796 placuerit
959 1744 1008 1794 ei,
1044 1745 1224 1786 dabitur
1253 1745 1503 1788 z·ll2·.”—-At-

95 1829 183 1868 que
217 1814 336 1868 (ibid.
360 1814 487 1854 xxxi.
522 1813 683 1866 8-11.):
719 1813 922 1854 “Beatus
956 1813 1079 1853 dives
1105 1814 1179 1866 qui
1212 1814 1415 1855 inventus
1438 1822 1506 1856 est

96 1884 192 1924 sine
213 1882 397 1931 macula,
419 1889 463 1922 et
485 1882 559 1934 qui
583 1888 684 1934 post
713 1895 868 1922 aurum
903 1895 990 1922 non
1025 1882 1133 1923 abiit
1154 1897 1162 1933 ;
1198 1897 1278 1924 nec
1312 1884 1505 1937 speravit

97 1952 141 1992 in
175 1951 361 2005 pecunia
396 1957 440 1991 et
476 1950 703 1991 thesauris,
766 1949 878 2003 Quis
912 1957 979 1991 est
1019 1950 1103 1999 hic,
1137 1958 1181 1992 et
1222 1951 1503 1993 laudabimus

97 2023 228 2062 eum?
290 2018 416 2059 Fecit
437 2018 554 2058 enim
579 2018 797 2058 mirabilia
819 2018 863 2057 in
887 2018 979 2058 vita
1007 2033 1099 2059 sua.
1163 2019 1251 2073 Qui
1289 2021 1502 2073 probatus

96 2096 166 2131 est
187 2090 231 2129 in
262 2087 349 2137 illo,
370 2094 414 2128 et
445 2086 664 2140 perfectus
687 2093 766 2136 est,
789 2086 871 2126 erit
904 2085 966 2126 illi
1002 2087 1144 2140 gloria
1177 2095 1390 2129 aeterna:
1425 2088 1500 2141 qui

86 2156 234 2212 potuit
251 2155 501 2209 transgyedi
529 2161 569 2195 et
609 2169 692 2195 non
717 2160 780 2195 est
813 2161 1118 2209 transgressas,
1128 2157 1278 2208 facere
1315 2157 1432 2197 mala
1465 2162 1506 2197 et

97 2240 179 2267 non
187 2224 310 2278 fecit.
374 2223 483 2264 Ideo
504 2222 703 2264 stabilita
724 2229 827 2264 sunt
858 2223 976 2264 bona
1007 2223 1123 2265 illius
1148 2224 1189 2265 in
1213 2224 1435 2264 Domino:
1459 2230 1502 2265 et

96 2294 403 2346 eleemosynas
424 2292 539 2332 illius
570 2292 794 2332 enarrabit
822 2291 967 2331 omnis
999 2291 1184 2333 ecclesia
1206 2292 1501 2332 sanctorum.”

96 2363 316 2416 —Neque
345 2361 466 2410 haec,
489 2367 537 2401 ut
568 2367 704 2414 patet,
727 2359 915 2413 intelligi
950 2367 1137 2413 possunt
1159 2361 1215 2401 de
1247 2360 1501 2401 hominibus

96 2443 123 2470 a
142 2427 350 2469 coactione
368 2433 543 2467 tantum
565 2427 725 2476 liberis,
741 2426 952 2479 subjectis
970 2440 1073 2467 vero
1096 2426 1365 2466 necessitati:
1398 2439 1502 2466 nam

96 2498 131 2538 si
156 2497 371 2542 voluntas,
391 2494 483 2535 sive
502 2495 708 2535 coactione
727 2496 819 2535 sive
840 2496 1092 2544 necessitate,
1116 2496 1172 2535 ad
1197 2509 1335 2535 unum
1359 2495 1503 2536 deter-

456 2585 462 2604 ¹
483 2584 562 2615 Vid.
584 2584 729 2625 Murray,
754 2585 861 2616 Tract.
881 2584 920 2615 de
940 2584 1073 2622 Gratia,
1094 2594 1126 2614 u.
1147 2583 1195 2615 18.
