1716 2729
134 103 222 144 240
582 88 630 129 E
631 88 802 130 leuchus
819 89 1099 132 Dccrctorum

194 207 244 250 Si
279 207 381 260 quis
415 206 583 247 dixerit
622 205 812 248 liberum
847 207 1045 248 hominis
1083 207 1338 248 arbritrium
1377 221 1406 248 a
1445 207 1550 249 Deo

135 283 311 318 motum
344 283 390 317 et
420 276 682 325 excitatum,
719 275 830 315 nihil
862 276 1092 330 cooperari
1124 276 1412 318 assentiendo
1447 276 1550 318 Deo

135 345 355 387 excitanti
395 352 533 398 atque
565 345 761 392 vocanti.
795 358 887 398 quo
920 345 979 386 ad
1011 344 1306 386 obtinendam
1333 344 1550 399 justifica-

134 414 270 456 tionis
304 414 498 467 gratiam
533 427 582 453 se
617 413 830 466 disponat
866 427 918 454 ac
951 420 1214 467 praeparet;
1242 427 1388 467 neque
1419 427 1554 468 posse

134 483 382 533 dissentire,
421 483 459 522 si
499 481 620 532 velit,
655 481 735 522 sed
776 481 900 523 velut
934 482 1131 523 inanime
1164 483 1395 536 quoddam
1440 481 1551 522 nihil

134 552 320 593 omnino
354 564 499 605 agere,
532 563 742 604 mereque
775 551 955 605 passive
988 565 1037 592 se
1069 551 1266 602 habere5
1308 550 1551 593 anathema

135 622 204 662 sit
266 620 376 662 [bid.
400 620 509 662 Can.
533 632 573 671 4

198 690 247 732 Si
262 691 362 744 quis
378 689 567 730 liberum
580 689 775 730 hominis
791 689 1023 730 arbitrium
1041 697 1144 744 post
1159 690 1295 731 Adae
1315 696 1552 744 peccatum

137 760 352 801 amissum
394 766 440 799 et
475 758 727 798 extinctum
761 772 859 798 esse
899 759 1098 808 dixerit;
1128 767 1207 800 aut
1240 773 1332 800 rem
1367 772 1465 799 esse
1496 759 1554 799 de

137 828 234 869 solo
254 828 400 876 titulo,
421 828 561 867 immo
596 827 779 867 titulum
816 827 912 868 sine
933 841 991 876 re,
1012 827 1279 881 figmentum
1313 828 1507 881 denique
1527 840 1555 867 a

137 903 297 938 satana
337 896 563 937 invectum
606 896 652 936 in
692 895 964 944 ecclesiam;
1014 896 1257 937 anathema
1306 897 1380 937 sit.
1441 895 1555 937 Ibid.

139 966 249 1008 Can.
273 976 307 1017 5.

199 1033 248 1075 Si
270 1034 371 1087 quis
392 1033 559 1074 dixerit
580 1046 670 1073 non
692 1047 789 1073 esse
810 1033 854 1073 in
876 1039 1103 1086 potestate
1122 1032 1317 1073 hominis
1336 1033 1431 1074 vias
1452 1046 1555 1073 suas

141 1103 284 1144 malas
326 1102 501 1153 facere3
553 1102 632 1142 sed
673 1101 794 1142 mala
834 1116 982 1155 opera,
1022 1102 1086 1142 ita
1136 1109 1186 1142 ut
1230 1102 1362 1150 bona,
1406 1102 1555 1142 Deum

139 1172 314 1226 operari
330 1186 340 1222 ;
373 1185 463 1212 non
486 1171 747 1225 permissive
768 1170 928 1223 solum,
949 1171 1029 1211 sed
1050 1171 1187 1211 etiarn
1215 1171 1392 1224 proprie
1413 1177 1459 1210 et
1478 1183 1558 1223 per

139 1255 200 1289 56,
221 1241 337 1281 adeo
358 1247 409 1280 ut
444 1241 503 1280 sit
524 1240 753 1293 proprium
785 1239 880 1292 ejus
901 1253 1014 1292 opus
1048 1252 1139 1279 non
1175 1240 1323 1280 minus
1358 1239 1555 1294 proditio

139 1310 297 1363 judae,
319 1322 456 1362 quam
477 1309 655 1349 vocatio
677 1308 803 1349 Pauli
820 1321 830 1358 ;
862 1308 1106 1349 anathema
1125 1308 1199 1352 sit.
1251 1307 1365 1348 [bid.
1387 1306 1496 1349 Can.
1517 1308 1547 1347 6
1569 1339 1577 1347 .

172 1455 213 1486 2.
244 1443 315 1484 Dc
332 1443 389 1484 H
385 1443 536 1492 omine,
569 1442 641 1484 vel
667 1443 712 1483 in
733 1443 962 1496 praesenti
977 1450 1096 1483 statu
1118 1442 1326 1482 A'atztrae
1350 1441 1527 1495 Lapsae,

688 1525 786 1552 vere
814 1518 1007 1552 mercule.

651 1590 820 1644 [Tract.
850 1605 891 1632 n.
924 1590 1044 1644 203]

202 1672 326 1712 Bene
356 1670 648 1724 operantibus
679 1683 822 1723 usque
853 1670 897 1709 in
930 1669 1067 1709 finem
1088 1675 1133 1709 et
1154 1669 1199 1708 in
1221 1668 1321 1708 Deo
1342 1668 1559 1722 speranti-

141 1741 225 1782 bus
246 1740 540 1793 proponenda
562 1746 630 1778 est
650 1739 743 1779 vita
764 1745 958 1786 aeterna,
989 1745 1034 1778 et
1054 1745 1271 1790 tanquam
1292 1738 1438 1790 gratia
1457 1737 1560 1777 filiis

140 1809 230 1849 Dei
271 1821 352 1862 per
394 1806 624 1848 Christum
663 1806 820 1859 Jesum
862 1806 1207 1847 misericorditer
1246 1807 1478 1859 promissa,
1513 1815 1559 1846 et

138 1883 356 1929 tanquam
402 1889 559 1915 merces
597 1889 657 1915 ex
697 1874 838 1928 ipsius
878 1874 967 1915 Dei
1013 1874 1310 1927 promissione
1359 1875 1559 1928 ipsorum

140 1945 351 2000 operibus
372 1950 418 1985 et
440 1944 612 1985 meritis
631 1943 823 1984 fideliter
844 1943 1087 1994 reddenda,
1108 1950 1208 1992 etc„
1229 1950 1311 1984 etc.
1377 1943 1494 1985 Sess.
1515 1944 1558 1984 6.

139 2013 211 2054 De
229 2012 566 2069 ῗιιςίζῇεαΐιὶηιε,
587 2011 696 2065 Cap.
721 2011 783 2053 16.

201 2136 251 2179 Si
271 2136 371 2189 quis
392 2136 560 2176 dixerit
591 2134 740 2188 justos
773 2148 864 2176 non
886 2135 1050 2176 debere
1081 2148 1162 2190 pro
1182 2134 1314 2175 bonis
1334 2134 1558 2189 operibus,

142 2218 258 2259 quae
278 2205 323 2244 in
342 2204 444 2245 Deo
461 2203 626 2244 fuerint
647 2203 779 2253 facta,
798 2210 1041 2258 expectare
1063 2211 1108 2244 et
1127 2216 1307 2257 sperare
1327 2209 1557 2244 aeternam

141 2273 482 2314 retributionem
518 2286 545 2312 a
578 2272 692 2322 Deo,
725 2285 806 2326 per
840 2272 936 2325 ejus
970 2272 1335 2322 misericordiam,
1369 2277 1414 2312 et
1447 2271 1556 2324 Jesu

143 2341 308 2384 Christi
350 2342 572 2389 meritum,
611 2341 650 2381 si
688 2339 802 2381 bene
843 2340 1034 2394 agendo,
1074 2347 1120 2381 et
1157 2340 1308 2381 divina
1343 2339 1558 2380 mandata

142 2410 452 2459 custodiendo,
473 2423 616 2463 usque
638 2409 683 2450 in
712 2408 844 2450 finem
877 2408 1253 2462 perseveraverint
1274 2423 1286 2460 ;
1315 2407 1558 2450 anathema

146 2479 217 2521 sit.
275 2477 390 2520 Ibid.
412 2478 525 2520 Can.
548 2477 620 2519 26.

204 2547 254 2590 Si
276 2548 375 2602 quis
398 2548 567 2589 dixerit
587 2546 784 2588 hominis
810 2545 1042 2601 justificati
1073 2547 1192 2588 bona
1212 2559 1348 2601 opera
1378 2545 1440 2586 ita
1458 2558 1556 2585 esse
