1716 2729
503 310 1133 372 TRACTATUS

160 467 293 522 DE
372 457 838 517 ACTIBUS
924 449 1457 508 HUMANIS.

187 843 217 872 Ι.
242 829 390 884 Quum
406 826 650 879 Theologia
666 822 847 864 Moralis
860 826 1056 862 versetur
1071 819 1113 858 in
1129 816 1298 858 actibus
1312 815 1515 856 humanis

125 898 375 952 dirigendis,
393 896 626 937 exordium
644 890 918 933 tractationis
935 894 1110 929 nostrae
1124 885 1180 926 ab
1198 886 1300 938 ipsis
1317 883 1519 924 Immanis

124 967 287 1009 actibus
317 965 540 1005 ducemus.
602 959 843 1014 Agendum
876 958 1009 1011 igitur
1038 954 1108 995 hic
1140 953 1265 994 nobis
1297 953 1378 992 erit
1405 955 1443 990 1⁰
1463 952 1519 991 de

126 1035 300 1083 notione,
322 1035 366 1073 2⁰
387 1032 444 1073 de
472 1028 697 1076 elementis,
722 1031 763 1079 3⁰
786 1027 842 1067 de
865 1024 1109 1066 moralitate
1130 1028 1309 1063 actuum
1333 1020 1520 1060 human-

127 1116 263 1145 orum.

186 1182 223 1211 2.
258 1166 587 1210 Praemittenda
623 1171 772 1206 tamen
804 1163 978 1204 videtur
1018 1160 1160 1201 brevis
1192 1158 1410 1212 quaedam
1444 1170 1520 1195 ex-

129 1240 289 1294 positio
320 1236 578 1278 facultatum
612 1234 785 1274 animae
828 1231 1059 1277 humanae,
1093 1234 1228 1281 atque
1259 1239 1399 1266 nexus
1435 1236 1522 1276 quo

131 1309 243 1348 inter
264 1320 310 1346 se
331 1307 660 1346 connectuntur.
725 1299 791 1341 Sit
815 1299 959 1352 igitur,

602 1432 1051 1492 PROOEMIUM,

333 1558 398 1590 DE
429 1552 804 1588 FACULTATIBUS
836 1549 1036 1581 ANIMAE
1067 1545 1333 1579 HUMANAE.

193 1669 229 1709 3.
262 1654 445 1707 Duplex
477 1653 519 1692 in
557 1650 736 1691 homine
766 1645 1129 1699 distinguendum
1162 1648 1227 1683 est
1267 1641 1528 1682 facultatum

135 1738 272 1778 genus
293 1739 300 1763 :
336 1722 401 1776 (a)
421 1720 651 1762 facultates
667 1714 944 1771 cognoscendi,
961 1712 1118 1766 quibus
1136 1711 1307 1751 animus
1325 1708 1529 1748 notitiam

136 1795 255 1848 capit
276 1791 549 1844 objectorum
573 1800 686 1840 quae
720 1785 758 1826 ei
781 1782 1058 1830 exhibentur,
1080 1777 1415 1833 apprehendens
1446 1774 1532 1815 alia

138 1877 195 1903 ex
218 1863 268 1902 iis
290 1873 385 1900 esse
415 1859 533 1899 bona
555 1862 598 1896 et
620 1856 719 1895 ideo
751 1850 972 1906 eligibilia‚
996 1849 1080 1888 alia
1110 1860 1213 1888 vero
1235 1858 1329 1885 esse
1351 1842 1468 1883 mala
1490 1847 1533 1881 et

138 1931 237 1971 ideo
269 1926 504 1980 rejicienda
531 1941 538 1964 :
572 1923 630 1976 (b)
665 1921 897 1962 facultates
934 1915 1165 1970 appetendi,
1199 1928 1275 1954 seu
1311 1910 1532 1964 appetitus,

139 1997 298 2050 quibus
321 1994 493 2035 animus
516 1992 651 2031 fertur
673 1990 715 2028 in
739 2002 790 2029 ea
812 1986 987 2039 objecta
1009 1997 1121 2037 quae
1144 1979 1534 2035 apprehenduntur

142 2072 189 2106 ut
211 2065 339 2113 bona,
361 2077 387 2102 a
408 2060 592 2101 caeteris
614 2072 718 2099 vero
741 2053 931 2108 refugit.1

197 2145 236 2182 4.
271 2132 522 2182 Utrumque
564 2128 740 2180 insuper
774 2138 912 2178 genus
954 2119 1262 2174 complectitur
1305 2115 1535 2156 facultates

142 2202 284 2249 duas;
314 2199 510 2246 alteram,
539 2208 651 2249 quae
688 2191 855 2233 homini
888 2204 987 2231 curn
1020 2188 1159 2229 brutis
1191 2183 1438 2226 communis
1460 2186 1538 2226 est,

146 2269 330 2309 alteram
371 2265 538 2306 homini
591 2261 824 2316 propriam.
908 2259 979 2299 Sic
1022 2257 1162 2309 primo
1209 2253 1539 2304 distinguuntur

146 2338 259 2377 duae
282 2333 513 2375 facultates
527 2328 797 2383 cognoscendi
815 2344 828 2372 ,·
850 2339 995 2367 sensus
1018 2330 1060 2364 et
1083 2321 1323 2363 intellectus.
1368 2315 1539 2369 Quibus

147 2406 236 2446 duo
271 2402 536 2455 respondent
573 2397 814 2452 appetimss
855 2392 1086 2434 sensz'tz'vus
1115 2403 1190 2430 seu
1223 2385 1416 2438 inferior,
1455 2394 1542 2433 quo

206 2533 217 2554 ¹
231 2534 285 2565 De
299 2532 351 2564 his
367 2532 435 2563 vid.
458 2529 654 2572 Tongiorgi,
673 2529 782 2559 Instit.
802 2524 1049 2565 philosophicae,
1068 2522 1144 2554 Lib.
1164 2521 1207 2551 iii.
1223 2529 1278 2550 nn.
1297 2516 1358 2555 267
1377 2521 1409 2547 et
1434 2524 1502 2554 seq.

1402 2569 1429 2599 B
