1716 2729
175 134 256 165 202
606 152 612 159 2
638 120 641 122 ’
763 122 994 169 Tiaclatns
1405 128 1583 183 [Gumy

233 231 325 292 388.
359 240 552 294 QUAER.
573 242 629 284 6⁰.
691 244 768 284 An
781 245 921 297 possit
938 259 1026 285 esse
1043 251 1163 285 actus
1181 243 1431 298 indzffcrens
1445 245 1467 286 ?

233 311 327 362 589.
361 309 622 364 Antequam
664 314 1025 366 respondeamus,
1077 314 1203 367 plura
1253 314 1582 368 praemittenda

169 386 273 420 sunt
315 393 405 432 quo
447 379 606 420 clarius
649 389 903 434 exponatur
939 396 1094 423 sensus
1130 383 1419 436 quaestionis,
1453 397 1580 437 quae,

171 447 377 489 Scotistis
408 447 746 499 affirmantibus,
784 452 1049 505 negantibus
1081 451 1339 501 Thomistis,
1370 452 1581 493 acerrime

169 518 213 558 in
236 517 397 559 scholis
418 518 683 572 disputatur.

231 597 326 639 590.
364 587 521 639 Itaque
549 591 588 628 1⁰
608 590 856 629 notandum
880 597 946 630 est
967 597 1116 631 actum
1138 592 1328 644 spectari
1351 605 1482 645 posse
1515 591 1578 646 (a)

167 654 214 696 z'n
235 654 376 709 specie,
409 656 478 696 vel
512 657 576 710 (b)
611 658 656 697 2'12
689 657 929 700 individuo.
991 659 1168 700 Dicitur
1205 661 1269 713 (a)
1305 660 1495 714 spectari
1533 661 1579 701 in

165 725 296 777 specie
314 739 451 778 quum
476 726 708 779 inspicitur
738 733 915 768 tantum
949 728 1176 781 objectum
1213 743 1290 770 seu
1327 729 1580 771 substantia

167 800 306 842 actus,
327 808 412 847 ing.
435 795 580 844 furari,
612 796 853 844 ambulare,
886 797 1034 851 largiri
1073 797 1419 850 eleemosynam,
1451 811 1578 851 sepo-

166 862 262 902 sitis
284 864 467 904 omnino
489 865 833 905 circumstantiis
856 872 990 918 atque
1012 865 1100 906 fine
1121 868 1358 919 operantis.
1403 867 1580 908 Dicitur

167 930 229 983 (b)
252 933 443 984 spectari
466 933 510 973 in
535 933 774 984 z'ndz'vicz'zw,
797 948 936 987 quum
972 935 1268 988 inspiciuntur
1305 950 1393 977 non
1431 937 1576 978 solum

166 999 393 1052 objectum
456 1008 594 1050 actus,
647 1003 725 1043 sed
783 1004 918 1043 etiam
971 1003 1341 1054 circumstantiae,
1382 1011 1426 1045 et
1478 1004 1578 1045 finis

165 1070 403 1121 operantis.
446 1070 537 1110 Vix
560 1085 672 1124 opus
695 1077 762 1112 est
785 1072 1140 1113 animadvertere
1158 1079 1306 1113 actum
1325 1073 1434 1113 utin
1450 1073 1581 1125 specie

165 1138 397 1191 inspicitur
418 1152 507 1179 non
530 1140 724 1180 existere
747 1140 831 1180 nisi
864 1141 906 1180 in
940 1141 1115 1190 mentis,
1142 1149 1191 1182 ut
1223 1142 1360 1190 aiunt,
1381 1141 1576 1182 abstrac-

164 1207 312 1254 tione;
345 1208 459 1249 sicut
491 1209 609 1249 enim
643 1223 732 1249 non
765 1209 920 1250 existit
952 1209 1088 1250 homo
1120 1210 1164 1250 in
1201 1223 1375 1262 genere,
1397 1211 1472 1263 qui
1509 1217 1576 1250 est

164 1276 330 1316 animal
370 1277 588 1317 rationale
622 1284 665 1318 et
700 1278 808 1318 nihil
846 1278 979 1327 aliud,
1010 1292 1188 1332 semper
1228 1286 1378 1320 autem
1421 1279 1576 1319 existit

162 1344 298 1384 homo
321 1348 342 1364 “
358 1344 405 1385 in
426 1345 655 1386 individuo
678 1353 721 1387 et
744 1346 826 1386 sub
848 1347 1057 1387 omnibus
1080 1347 1385 1389 accidentibus
1418 1347 1577 1388 indivi-

162 1414 405 1455 duantibus
456 1444 466 1454 .
521 1447 531 1456 .
586 1429 673 1455 non
697 1422 873 1456 tantum
897 1416 1062 1457 animal
1086 1417 1315 1468 rationale,
1336 1419 1413 1460 sed
1437 1433 1572 1461 sanus

161 1483 232 1523 vel
254 1497 397 1536 aeger,
422 1484 580 1524 doctus
602 1485 672 1525 vel
695 1485 916 1533 indoctus,
937 1484 1064 1525 albus
1081 1485 1150 1526 vel
1173 1486 1308 1539 niger,
1323 1494 1418 1536 etc.,
1433 1485 1575 1538 etc.,”1

162 1551 224 1592 ita
242 1552 418 1605 quoties
440 1553 666 1606 perficitur
687 1560 812 1594 actus
835 1553 1069 1603 humanus,
1085 1568 1172 1607 v.g.
1196 1556 1363 1605 orandi,
1385 1555 1572 1606 furandi,

161 1622 435 1671 ambulandi,
477 1623 726 1663 necessario
769 1622 993 1675 perficitur
1032 1623 1075 1663 in
1118 1624 1341 1677 aliquibus
1385 1626 1574 1667 circum-

159 1691 336 1731 stantiis
359 1697 493 1743 atque
510 1691 566 1730 ab
583 1698 746 1744 agente
764 1692 838 1744 qui
858 1691 990 1732 finem
1011 1691 1205 1745 aliquem
1229 1693 1312 1733 sibi
1336 1702 1569 1747 proponat.

221 1769 315 1811 591.
350 1760 613 1800 Notandum
649 1760 784 1813 igitur
822 1765 865 1800 20
902 1766 968 1800 est
1002 1761 1310 1812 quaestionem
1355 1762 1570 1815 respicere

159 1835 309 1869 actum
347 1836 598 1883 spectatum
635 1829 680 1869 in
718 1829 957 1869 individuo.
1025 1829 1185 1882 Neque
1226 1830 1344 1870 enim
1382 1830 1567 1871 dubium

158 1910 255 1938 esse
276 1903 426 1951 potest
448 1897 552 1950 quin
578 1898 719 1951 possit
743 1897 999 1938 indifferens
1023 1912 1119 1938 esse
1141 1904 1266 1938 actus
1299 1899 1334 1938 si
1367 1898 1414 1940 2'72
1440 1900 1574 1952 specie

157 1972 333 2006 tantum
371 1966 656 2020 inspiciatur;
689 1965 866 2020 plurimi
904 1966 1021 2006 enim
1066 1972 1169 2006 sunt
1211 1973 1337 2007 actus
1378 1981 1565 2021 quorum

156 2033 396 2087 objectum,
417 2048 493 2075 seu
516 2034 780 2081 substantia,
807 2034 1027 2087 ejusmodi
1057 2041 1123 2075 est
1153 2041 1201 2075 ut
1233 2049 1378 2089 neque
1406 2051 1570 2090 appro-

156 2103 286 2144 betur
321 2117 347 2144 a
389 2104 488 2144 Deo
525 2110 574 2144 ut
608 2103 835 2144 moraliter
870 2103 1000 2149 bona,
1037 2117 1181 2156 neque
1217 2105 1477 2158 reprobetur
1517 2112 1566 2147 ut

156 2172 382 2213 moraliter
410 2172 538 2217 mala.
568 2173 645 2212 sed
683 2178 858 2212 tantum
897 2172 1182 2225 permittatur
1215 2179 1264 2213 ut
1301 2173 1564 2215 indifferens.

154 2241 410 2287 “Bonum’'
433 2243 494 2282 ait
519 2242 563 2283 S.
591 2239 931 2294 Hieronymus?
953 2245 978 2263 ‘⁶
997 2248 1065 2282 est
1087 2243 1374 2291 continentia,
1397 2243 1565 2284 maium

153 2317 220 2350 est
255 2310 443 2359 luxuria,
477 2311 591 2351 inter
625 2318 861 2363 utrumque
899 2309 1153 2350 indifferens
1191 2318 1258 2352 est
1300 2308 1564 2353 ambulare.’'

152 2377 307 2430 Atque
330 2379 487 2419 eodem
510 2392 640 2419 sensu
664 2379 725 2419 ait
748 2377 792 2419 S.
819 2376 1047 2426 Thomas,³
1066 2379 1288 2429 “quidam
1312 2386 1436 2420 actus
1460 2388 1563 2422 sunt

379 2500 558 2577 ¹{gil-lua}
585 2501 691 2532 Tracl.
707 2501 745 2533 de
758 2503 830 2533 Act.
852 2502 1036 2540 Humanis,
1059 2502 1149 2534 Diss.
1167 2512 1197 2541 4.
1215 2507 1277 2533 art.
1297 2509 1328 2543 5.

380 2553 392 2559 ·
435 2550 509 2584 pist.
548 2553 579 2584 9.

379 2588 557 2626 8,ςηηιυιιῃ
581 2598 610 2620 Ι.
629 2596 661 2619 2.
683 2589 821 2629 Quaest.
836 2596 889 2628 92.
907 2595 969 2619 art.
988 2597 1018 2619 2.
