1716 2729
223 81 237 110 1
248 71 300 112 88
809 73 850 114 T
847 81 1040 116 metatus
1452 73 1631 128 [GURY‚

217 186 398 227 interior
434 188 587 229 oculus
624 203 726 230 vere
758 191 955 245 simplex
993 191 1063 241 sit,
1085 193 1175 233 duo
1210 191 1271 232 illi
1311 191 1499 231 arbitror
1534 204 1630 231 esse

216 257 463 298 necessaria
488 273 496 308 ;
549 259 780 300 caritatem
833 261 876 300 in
930 262 1191 311 intentione,
1247 266 1290 300 et
1343 259 1388 300 in
1439 259 1631 300 electione

214 321 493 367 vem'tatem.’'1

277 395 370 445 528.
405 395 502 435 Etsi
524 410 628 437 vero
651 397 827 438 bonitas
850 397 949 438 finis
972 412 1061 439 non
1083 397 1215 448 tollit,
1240 397 1425 438 dubium
1452 410 1539 436 non
1562 402 1629 436 est

214 462 321 514 quin
357 463 540 514 minuat,
562 465 778 506 malitiam
816 473 941 508 actus
963 467 1038 520 qui
1073 481 1131 507 ex
1163 465 1340 520 objecto
1374 465 1515 505 malus
1547 471 1626 505 est.

218 530 352 571 Ratio
385 538 451 572 est
483 533 587 586 quia
619 535 764 574 minor
795 535 949 588 utique
982 541 1047 576 est
1080 534 1265 575 affectus
1288 534 1344 574 ad
1377 539 1627 587 peccatum,

215 614 350 653 quum
376 601 580 643 voluntas
614 618 701 644 non
733 611 919 658 appetat
953 605 1119 646 malum
1143 605 1225 645 nisi
1259 618 1316 645 ex
1340 617 1491 644 amore
1512 604 1625 645 alius

215 670 275 709 rei
298 670 523 720 honestae,
547 678 589 712 et
622 679 842 726 quatenus
875 674 1022 715 induit
1051 675 1268 715 rationem
1293 675 1397 714 boni
1420 673 1538 714 utilis
1570 675 1627 715 ad

213 739 449 779 honestum
475 740 582 781 illud
606 744 982 795 consequendum.
1048 744 1118 784 Ita
1139 757 1307 784 omneS.

257 840 268 859 1
288 841 339 871 Ex
365 841 518 872 doctrina
542 852 600 874 nn.
622 849 777 884 521-527.
805 843 966 885 exposita,
986 844 1020 875 in
1047 855 1112 886 qua
1136 844 1298 875 tradenda
1322 844 1534 876 consentiunt
1550 845 1623 875 TT.

213 884 350 915 omnino
365 895 494 924 omues,
508 890 600 926 patet
623 897 723 927 quam
750 887 919 919 immerito
935 887 1102 926 catholici,
1133 888 1328 929 praesertim
1342 898 1421 919 vero
1441 888 1620 920 Societatis

209 928 289 968 jesu
313 928 473 969 theologi,
493 930 535 959 ab
563 930 758 961 acatholicis
782 932 1026 962 calumnientur
1043 931 1138 973 quasi
1162 936 1374 972 propugnent
1396 931 1523 963 licitum
1551 942 1622 963 esse

213 971 360 1002 medium
377 983 416 1003 ex
433 983 467 1004 se
478 973 603 1004 malum
619 974 780 1006 adhibere
796 975 837 1006 ad
852 975 950 1006 finem
969 975 1094 1006 bonum
1111 976 1366 1016 assequendum.

257 1015 436 1047 Calumnia
451 1016 515 1047 ista
528 1027 635 1058 nuper
650 1018 684 1048 in
701 1018 810 1050 lucem
826 1018 943 1050 iterum
961 1019 1082 1050 emissa
1097 1019 1145 1050 sic
1161 1019 1283 1059 legitur
1298 1019 1333 1050 in
1350 1017 1623 1060 ephemeridibus

212 1058 381 1090 litterariis
396 1060 527 1100 anglice
544 1062 675 1102 scriptis
691 1072 776 1103 quae
792 1062 1028 1100 inscribuntur,
1054 1063 1120 1094 77ae
1147 1063 1325 1103 Quarterly
1340 1062 1470 1093 Revlew
1481 1072 1534 1093 :—

258 1104 281 1119 “
294 1103 359 1134 We
375 1113 449 1134 now
466 1114 561 1135 come
577 1109 612 1135 to
628 1104 686 1136 the
702 1105 792 1136 third
814 1111 908 1146 great
925 1111 1025 1137 count
1042 1106 1075 1136 in
1103 1106 1160 1137 the
1186 1106 1385 1137 indictment
1410 1105 1541 1147 against
1564 1105 1621 1137 the

212 1146 368 1187 teaching
384 1147 422 1178 of
440 1147 497 1178 the
510 1148 647 1189 Jesuits,
666 1148 738 1180 that
755 1149 833 1189 they
852 1149 936 1180 have
953 1149 1103 1181 affinned
1119 1149 1175 1181 the
1191 1149 1315 1180 maxim
1332 1149 1370 1180 of
1389 1159 1504 1180 means
1519 1149 1622 1191 being

207 1189 355 1230 justified
373 1191 406 1221 in
423 1191 529 1222 virtue
553 1191 591 1222 os
615 1192 671 1223 the
699 1193 763 1223 end
792 1198 826 1224 to
842 1192 951 1224 which
969 1193 1048 1233 they
1068 1203 1123 1224 are
1148 1193 1295 1234 applied.
1342 1193 1399 1224 No
1416 1192 1537 1234 charge
1560 1192 1621 1224 has

210 1243 304 1308 morltle
333 1234 530 1276 powersully
560 1236 683 1267 tended
714 1241 749 1267 to
781 1237 865 1268 raise
896 1237 1039 1278 popular
1062 1236 1234 1278 prejudiee
1264 1236 1396 1278 against
1427 1236 1483 1268 the
1513 1236 1621 1277 Jesuit

211 1277 274 1308 Fat
302 1288 362 1309 ers.
408 1300 416 1308 .
463 1301 471 1308 .

256 1321 280 1337 ‘⁶
303 1321 358 1352 We
377 1321 491 1352 believe
518 1323 545 1352 it
570 1327 600 1353 to
629 1323 663 1355 he
689 1323 921 1355 demonstrable
944 1324 1018 1354 tlzat
1042 1324 1095 1354 tlte
1119 1323 1247 1354 maxim
1276 1324 1336 1354 llas
1360 1323 1434 1354 been
1465 1322 1624 1355 broaclzed

209 1364 329 1404 clearly
344 1366 416 1395 and
439 1366 602 1406 definitely
626 1366 664 1403 by
679 1377 725 1397 an
743 1367 910 1398 unbroken
929 1367 1028 1398 clmin
1054 1368 1096 1405 of
1110 1367 1229 1408 Jesm't
1242 1367 1370 1398 dz'vz‘nes
1385 1369 1420 1407 os
1430 1367 1620 1406 first-rank

209 1408 377 1449 standing,
383 1409 478 1449 from
505 1410 725 1441 Busembaum
752 1411 849 1442 down
884 1415 915 1442 to
950 1412 1043 1451 Gmy
1072 1412 1147 1442 and
1167 1409 1383 1442 Liberatore.’'
1426 1412 1620 1451 (Quarterly

209 1452 346 1488 Review,
363 1452 438 1494 Jan.
466 1452 558 1494 1875,
575 1464 613 1495 p.
635 1453 701 1494 69.)

253 1496 349 1536 Quae
365 1496 477 1527 omnia
494 1497 592 1538 plene
608 1497 784 1539 profligata
799 1497 866 1528 vid.
887 1498 921 1529 in
950 1498 1220 1539 ephemeridibus
1249 1497 1404 1528 Dublinii
1421 1497 1532 1535 editis,
1555 1497 1623 1529 lee

209 1539 300 1570 la'islz
319 1540 476 1579 Affontlzly
490 1540 579 1581 (Vol.
601 1549 630 1581 3.
647 1551 680 1572 n.
695 1550 760 1577 22„
777 1541 886 1583 April,
904 1541 1014 1583 1875.)
1033 1541 1103 1579 ubi,
1117 1542 1202 1573 inter
1217 1547 1338 1578 cetera,
1358 1541 1502 1572 citantur
1517 1541 1620 1572 verba

207 1583 405 1624 scriptorum
435 1584 611 1616 Societatis
631 1585 722 1626 jesu,
751 1590 787 1616 ut
815 1585 963 1616 Cornelii
988 1596 1009 1616 a
1030 1585 1169 1626 Lapide,
1189 1585 1339 1625 Segneri,
1358 1584 1566 1623 Bellarrnini,
1585 1589 1620 1617 et

207 1626 349 1657 aliorum
365 1627 422 1668 qui
439 1627 555 1658 dehac
572 1638 606 1659 re
622 1628 835 1669 scripserunt.

254 1670 351 1701 Haec
367 1671 501 1709 quidem
534 1672 664 1712 sci-ipsit
691 1683 711 1702 a
735 1672 876 1712 Lapide,
892 1672 926 1702 in
958 1672 1057 1703 Rom.
1077 1671 1125 1702 iii.
1153 1670 1173 1702 8
1189 1672 1273 1702 :—“
1289 1671 1381 1703 Nota
1404 1671 1470 1709 hie,
1490 1671 1621 1703 nullum

208 1719 382 1754 peccatum
399 1725 454 1744 nec
470 1715 647 1745 minimum
665 1715 792 1756 quidem
815 1716 947 1750 veniale.
966 1715 1111 1747 medium
1150 1725 1221 1747 esse
1247 1715 1402 1756 eligibile,
1427 1720 1485 1747 aut
1499 1714 1621 1747 facien-

207 1757 301 1795 dum,
322 1762 360 1788 ut
366 1762 497 1798 peccata
513 1759 607 1789 etiam
620 1759 823 1799 gravissima
839 1757 1035 1790 cvilcnlzcr.¹’

255 1801 351 1832 Haec
369 1801 507 1842 Segneri
521 1803 602 1832 :—-“
617 1800 755 1833 L’avere
771 1802 915 1833 addosso
932 1813 975 1833 un
992 1807 1130 1843 peccato
1155 1801 1284 1833 veniale
1301 1802 1496 1840 deliberato,
1516 1812 1620 1844 quan-

207 1848 333 1885 tunque
350 1844 433 1883 solo,
452 1844 470 1874 e
486 1845 637 1886 maggior
659 1846 746 1876 male
776 1845 838 1877 che
862 1856 896 1876 se
919 1846 1025 1877 avessi
1048 1846 1192 1877 addosso
1217 1851 1301 1876 tutte
1325 1846 1356 1876 le
1379 1846 1515 1877 scabbie
1538 1844 1618 1877 dell’

208 1887 364 1919 universo
387 1911 396 1919 .
408 1910 417 1919 .
439 1888 512 1919 anzi
530 1889 607 1920 tutti
630 1889 768 1920 insieme
784 1889 795 1919 i
812 1889 936 1920 diavoli
960 1889 1038 1921 dell'
1056 1889 1185 1920 inferno
1200 1898 1206 1921 2
1231 1887 1310 1919 ond’
1330 1888 1347 1918 ὲ
1364 1889 1426 1920 che
1442 1899 1501 1931 per
1517 1889 1623 1920 evitar

210 1931 287 1962 tutti
304 1931 433 1972 quaesti
450 1932 540 1968 mali,
560 1937 593 1963 tu
618 1942 684 1963 non
711 1932 790 1974 puoi
813 1934 973 1974 giugnere
997 1945 1015 1963 a
1039 1932 1092 1964 dir
1115 1943 1179 1964 con
1202 1933 1315 1963 buona
1345 1933 1540 1964 conscienza
1555 1943 1622 1965 una

208 1975 280 2006 sola
296 1975 398 2016 bugia
419 1998 451 2007 ..
472 1986 540 2007 non
564 1986 583 2006 a
608 1981 739 2008 tentare
764 1987 808 2007 un
831 1976 962 2018 piccolo
986 1977 1085 2015 furto,
1104 1987 1171 2007 non
1195 1987 1214 2007 a
1236 1982 1380 2008 tramare
1402 1987 1469 2008 una
1491 1976 1621 2017 piccola

209 2018 365 2050 furberia.

256 2064 280 2079 ‘⁶
294 2061 350 2092 Ne
366 2062 438 2094 solo
454 2061 526 2094 cio:
547 2073 602 2094 ma
619 2074 654 2094 se
670 2063 704 2093 (li
730 2063 787 2104 piu
807 2074 870 2095 con
895 2074 938 2094 un
963 2063 1010 2094 tal
1034 2068 1174 2105 peccato
1198 2063 1328 2094 veniale
1344 2069 1378 2094 tu
1395 2063 1503 2094 avessi
1518 2063 1620 2095 modo

209 2105 243 2136 di
261 2106 387 2137 ridurre
402 2106 436 2136 in
453 2117 497 2137 un
521 2106 639 2148 giorno
665 2107 731 2137 alla
759 2105 791 2137 se
818 2107 852 2138 di
878 2107 1023 2144 Christo,
1044 2106 1120 2138 tutti
1152 2107 1162 2137 i
1194 2107 1328 2139 Giudei.
1346 2107 1423 2138 tutti
1448 2107 1619 2144 iTartari‚

209 2149 309 2180 tuttii
325 2150 463 2187 Turchi‚
481 2150 558 2181 tutti
575 2150 585 2180 i
617 2149 756 2185 Gentili‚
774 2151 851 2181 tutti
868 2150 899 2181 in
919 2162 984 2181 una
1007 2150 1123 2192 parola
1140 2150 1149 2181 i
1167 2151 1237 2181 suoi
1257 2151 1372 2191 popoli
1388 2161 1407 2181 a
1424 2150 1470 2181 lui
1488 2150 1617 2189 rebelli,

209 2197 244 2223 tu
261 2203 328 2224 non
344 2193 424 2235 puoi
439 2193 522 2224 farlo
536 2204 542 2224 :
562 2193 604 2224 ne
622 2194 689 2224 Dio
702 2194 725 2224 ti
739 2194 941 2225 rimarrebbe
954 2199 1059 2235 punto
1070 2194 1221 2234 obligato
1231 2204 1290 2235 per
1300 2204 1365 2225 una
1377 2194 1423 2225 tal
1437 2193 1618 2232 riduzione,

208 2247 264 2267 ma
280 2237 304 2268 ti
321 2237 505 2278 punirebbe
522 2247 584 2268 con
601 2247 689 2278 pena
719 2248 820 2268 ancor
836 2236 862 2268 si
880 2238 1047 2275 sensibile,
1066 2248 1084 2269 e
1109 2237 1136 2268 si
1158 2248 1272 2268 severa
1288 2237 1377 2279 qual'
1393 2236 1410 2269 ὲ
1438 2237 1549 2279 quella
1564 2237 1620 2270 del

210 2280 417 2321 Purgatorio,
436 2280 608 2312 ch’eccede
624 2281 701 2312 tutti
719 2282 875 2313 tormenti
900 2282 954 2312 del
982 2286 1094 2312 nostro
1120 2279 1280 2312 mondo.'’
1340 2281 1613 2322 Ragionamento,

209 2323 378 2355 Novemb.
397 2333 451 2363 29.
469 2335 501 2356 n.
519 2334 548 2363 4.

253 2368 348 2407 Quae
364 2368 494 2409 anglice
510 2369 557 2399 sic
580 2367 711 2399 reddita
735 2367 799 2400 loc.
818 2368 874 2399 cit.
893 2369 998 2407 (Irislz
1015 2368 1183 2407 llffcmtlzly,
1204 2367 1311 2408 April,
1334 2367 1426 2408 1875,
1444 2378 1520 2409 pag.
1539 2366 1615 2408 257)

209 2411 511 2451 legunturz—“To
527 2412 569 2443 be
584 2411 772 2442 burthened
789 2411 871 2442 with
886 2422 906 2442 a
924 2411 1031 2452 single
1051 2411 1236 2443 deliberate
1253 2411 1361 2442 venial
1379 2413 1441 2447 sin,
1461 2411 1616 2442 however

208 2455 314 2491 small,
335 2455 362 2485 is
379 2466 398 2486 a
425 2461 555 2496 greater
581 2455 647 2486 evil
673 2455 707 2485 in
735 2454 828 2486 one's
854 2455 972 2496 regard
998 2456 1080 2486 than
1107 2461 1142 2486 to
1170 2456 1212 2486 be
1240 2454 1383 2486 afflicted
1413 2454 1493 2486 with
1521 2464 1620 2495 every

209 2498 356 2535 possible
383 2499 512 2530 disease
531 2523 537 2529 .
558 2523 564 2529 .
586 2523 592 2529 .
612 2509 688 2539 nay,
708 2499 789 2529 than
814 2498 870 2529 the
897 2509 975 2539 very
991 2498 1098 2529 devils
1125 2501 1163 2529 of
1185 2498 1265 2536 hell,
1286 2498 1427 2529 suffered
1455 2504 1489 2529 to
1517 2497 1617 2528 infest

207 2541 332 2572 human
346 2542 462 2574 srame.
512 2543 543 2573 It
559 2542 691 2573 follows
708 2542 781 2573 that
808 2548 842 2573 to
870 2552 989 2584 escape
1017 2543 1106 2574 these
1137 2542 1221 2573 evils
1249 2552 1311 2572 one
1328 2552 1389 2573 can
1406 2551 1507 2573 never
1521 2541 1620 2583 bring
