1716 2729
173 132 186 160 1
202 122 250 160 18
741 120 782 161 T
779 127 969 162 metatus
1412 119 1588 173 [GURY‚

171 236 340 276 malum
364 237 691 290 apprehensum
716 237 778 278 ita
799 238 950 278 animo
973 236 1087 279 affici
1110 243 1172 285 ut,
1206 236 1380 277 etiamsi
1404 236 1587 276 omnino

167 305 233 345 sui
297 312 528 359 compotes
587 312 810 355 maneant,
862 312 1025 353 tamen,
1078 311 1125 345 ut
1179 304 1345 345 malum
1408 304 1586 349 evitent,

168 379 434 415 moveantur
455 375 511 415 ad
546 376 770 428 agendum
804 374 891 414 alio
924 375 1060 414 modo
1091 387 1240 426 quam,
1264 374 1299 413 si
1332 379 1476 413 metus
1509 373 1584 412 ab-

168 441 334 492 fuisset,
358 443 554 495 egissent
574 457 582 484 :
617 444 730 483 sicut
753 457 838 496 v.g.
863 456 1000 495 quum
1023 443 1121 495 quis
1156 444 1213 483 ad
1246 442 1581 482 matrimonium

166 510 410 552 ineundum
445 511 687 564 impellitur
709 525 761 551 eo
784 512 904 563 quod
927 511 1056 551 timet
1087 524 1154 560 ne,
1176 510 1211 550 si
1233 510 1412 563 fregerit
1435 509 1582 557 fidem,

166 580 404 620 damnetur
445 581 502 620 ad
546 593 754 632 magnam
802 579 1017 632 pecuniae
1055 593 1276 619 summam
1322 578 1582 619 solvendam

165 650 342 704 puellae
364 649 432 689 cui
455 648 590 689 fidem
613 648 798 688 dederat
818 662 825 697 ;
858 654 935 688 aut
967 661 1104 700 quum
1138 653 1346 701 peccator
1367 661 1425 687 ex
1459 652 1580 686 metu

165 718 397 771 gehennae
421 722 624 757 movetur
647 717 703 756 ad
727 716 1060 769 poenitendum.

224 898 317 949 306.
351 895 788 940 Divisio—Metus
831 897 1030 949 pluribus
1083 896 1226 934 modis
1279 894 1578 946 distinguitur.

163 965 237 1006 Sic

223 1044 317 1086 307.
350 1035 433 1075 Est
471 1038 509 1074 1⁰
534 1033 695 1086 gravis
736 1032 805 1073 vel
851 1033 987 1072 levis:
1026 1046 1139 1084 quae
1186 1031 1344 1071 divisio
1392 1029 1579 1082 intelligi

163 1110 312 1156 potest
334 1109 412 1144 aut
432 1103 669 1156 snly‘ectz've,
691 1116 768 1142 seu
801 1102 972 1142 ratione
995 1100 1233 1153 affeclz'om's
1264 1099 1478 1153 gravioris
1510 1097 1579 1138 vel

161 1172 337 1212 levioris
382 1172 527 1225 reipsa
574 1172 617 1211 in
667 1176 815 1211 mente
862 1175 1078 1219 exortae3
1129 1174 1206 1208 aut
1242 1167 1448 1221 objectiva
1501 1180 1577 1206 seu

162 1241 336 1281 ratione
358 1239 470 1280 mali
487 1254 538 1280 ex
558 1253 638 1292 qno
658 1238 911 1291 apprehenso
934 1244 1079 1277 metus
1103 1242 1288 1276 exortus
1321 1242 1402 1276 est.

222 1313 319 1361 308.
355 1310 458 1350 Sive
480 1323 584 1349 vero
605 1307 831 1361 subjective
851 1307 944 1347 sive
965 1305 1163 1359 objectiva
1181 1305 1453 1357 intelligitur,
1469 1303 1579 1343 haec

160 1378 319 1418 divisio
352 1377 421 1418 hic
454 1377 551 1418 fuse
596 1376 869 1429 exponenda
901 1381 998 1423 est;
1045 1388 1102 1413 ex
1135 1387 1188 1413 ea
1219 1374 1337 1413 enim
1381 1373 1579 1425 pendent

160 1448 446 1499 quaestiones
469 1445 824 1499 quamplurimae
846 1450 890 1484 et
924 1444 1110 1484 maximi
1133 1443 1312 1496 quidem
1351 1442 1578 1491 momenti,

158 1518 201 1556 in
227 1515 514 1556 Tractatibus
536 1515 589 1554 de
621 1512 919 1555 contractibus
949 1519 993 1552 et
1024 1512 1076 1552 de
1105 1511 1398 1551 Matrz'mom‘o
1420 1517 1577 1564 postea

160 1584 474 1637 inspiciendae,
507 1584 551 1623 in
584 1582 746 1635 quibus
778 1581 1003 1621 solvendis
1035 1579 1128 1620 TT.
1163 1579 1352 1619 multum
1386 1580 1498 1618 inter
1529 1592 1575 1618 se

158 1651 441 1700 dissentiunt,
474 1657 518 1691 et
561 1651 743 1704 quidem
779 1649 1054 1702 praesertim,
1096 1654 1143 1687 ut
1182 1653 1309 1687 notat
1350 1647 1575 1693 Carriere‚l

157 1718 262 1766 quia
284 1731 371 1757 non
395 1732 573 1772 semper
594 1724 800 1758 accurate
838 1717 1079 1770 exponitur
1100 1716 1375 1768 quaestionis
1409 1728 1574 1760 sensuS.

157 1799 295 1838 quum
341 1799 428 1826 non
470 1800 647 1840 semper
686 1786 796 1826 satis
847 1785 963 1825 clare
1013 1784 1262 1836 explicetur
1313 1797 1401 1836 quo
1442 1797 1571 1823 sensu

159 1860 395 1894 sumantur
416 1868 495 1895 eae
517 1869 659 1904 voces,
682 1860 827 1894 metus
841 1853 1001 1907 gravis
1022 1859 1066 1893 et
1087 1852 1204 1892 levis.

220 1933 312 1974 309.
349 1923 546 1976 Ideoque
582 1924 616 1964 Ι.
651 1924 685 1963 si
719 1937 787 1963 res
809 1923 998 1962 sumitur
1027 1920 1261 1973 snlgjectz‘ve,
1286 1919 1393 1959 haec
1414 1919 1574 1960 divisio

157 1990 402 2043 aliquando
439 1992 597 2031 eodem
632 2005 763 2032 sensu
812 1990 1072 2043 intelligitur
1103 2002 1192 2042 quo
1224 1989 1382 2029 eadem
1415 1988 1572 2027 divisio

155 2060 547 2112 poncupiscentiae
564 2073 698 2112 supra
715 2059 770 2111 (n.
796 2060 910 2110 290.)
926 2058 1145 2111 exposita.
1210 2058 1369 2109 Neque
1385 2056 1569 2096 dubium

156 2134 223 2168 est
256 2128 361 2180 quin
398 2135 554 2175 metus,
588 2127 890 2180 perturbando
924 2126 1047 2167 illum
1085 2127 1128 2166 in
1162 2140 1294 2179 quem
1330 2124 1462 2174 cadit,
1493 2125 1571 2164 ali-

157 2196 339 2250 quando
382 2196 564 2244 minuat,
605 2203 650 2236 et
687 2197 868 2250 quidem
907 2195 1173 2243 notabiliter,
1210 2209 1337 2236 usum
1373 2195 1567 2235 rationis.

160 2266 348 2318 Insuper
369 2265 597 2305 divisionis
629 2265 689 2305 sic
713 2265 948 2317 expositae
982 2264 1229 2304 membrum
1253 2265 1446 2312 tertium,
1462 2276 1569 2316 gra-

158 2333 388 2374 vissimum
412 2338 593 2379 metum,
618 2346 841 2386 apponere
864 2332 966 2372 licet
987 2346 995 2372 τ
1028 2332 1147 2384 quod
1164 2333 1297 2372 etiam
1321 2330 1567 2383 intelligen-

155 2404 262 2441 dum
286 2408 353 2441 est
375 2414 506 2441 sensu
530 2400 693 2441 ibidem
718 2401 935 2453 exposito

522 2598 534 2620 1
551 2602 604 2631 De
629 2601 865 2637 Coum-actibus,
888 2601 974 2632 Part.
997 2601 1016 2631 i.
1033 2611 1066 2633 n.
1085 2602 1135 2640 78.
