1716 2729
97 134 138 162 n.
166 130 181 159 1
191 116 246 173 7.]
561 106 613 148 de
631 102 813 146 Actibus
836 98 890 139 H
888 95 1074 138 mnanis.
1422 95 1437 122 Ι
1448 93 1471 122 2
1482 92 1497 121 1

101 236 267 276 malum
291 231 402 271 adeo
438 236 583 279 grave,
605 232 748 272 neque
772 220 816 257 2⁰
836 211 1082 269 periculum
1113 207 1228 247 illius
1262 202 1374 243 adeo
1406 211 1507 252 pro-

101 307 328 360 pinquum,
350 311 493 350 neque
527 297 568 345 3⁰
588 298 681 332 tam
714 283 955 342 probabilis
989 279 1101 320 ratio
1124 276 1237 316 illius
1261 269 1509 326 apprehen-

99 376 250 427 dendi,
284 380 332 414 ut
369 369 525 411 merito
563 379 639 406 seu
668 363 787 416 juste
818 359 974 399 timere
997 355 1259 394 censeantur
1290 346 1318 386 ii
1347 344 1420 397 qui
1452 341 1510 382 ad

101 442 356 500 hujusmodi
397 438 629 479 hominum
681 444 845 487 genera
896 419 1234 480 pertinent—E
1292 414 1512 456 contrario

102 521 246 555 metus
280 507 500 563 respective
536 503 643 544 levis
677 500 749 541 ille
785 504 852 539 est
892 495 979 548 qui,
1015 488 1190 532 etiamsi
1228 484 1416 526 absolute
1446 488 1513 521 est

97 581 265 637 gravis,
282 586 434 620 tamen
455 588 585 616 sensu
608 570 815 625 exposito
837 566 946 608 levis
967 569 1033 604 est
1051 560 1232 601 relative
1255 556 1311 597 ad
1334 553 1515 606 aliquod

101 667 240 708 genus
262 650 505 697 hominum,
527 659 609 699 vag.
634 644 690 684 ad
713 641 888 688 milites,
913 644 1013 685 etc„
1037 634 1113 688 qui
1139 644 1226 672 non
1251 628 1396 669 solent
1421 632 1515 666 tam

105 724 232 766 facile
253 723 412 763 timore
435 717 561 760 affici.

166 803 258 844 317,
293 790 426 844 Quod
448 800 582 841 supra
604 786 661 838 (n.
689 784 800 835 315.)
824 780 993 821 dictum
1017 782 1083 816 est
1106 774 1161 813 de
1186 777 1307 812 metu
1330 766 1519 808 absolute

106 862 241 916 gravi,
261 861 330 901 hic
353 859 488 899 etiarn
520 857 576 898 de
608 860 728 894 metu
763 848 983 903 respective
1013 844 1135 898 gravi
1175 837 1516 892 intelligendum

107 940 191 984 est3
245 933 308 973 sic
352 923 647 975 Sanchesius,1
683 935 915 977 exponens
960 918 1057 958 illos
1098 921 1253 955 textus
1292 911 1400 965 juris
1442 907 1517 960 qui

106 1007 310 1043 statuunt
333 1004 584 1042 contractus
606 994 826 1049 quosdam
847 989 938 1030 fieri
961 985 1180 1027 invalidos
1204 996 1256 1022 eo
1279 979 1399 1033 quod
1424 975 1520 1017 initi

107 1080 211 1115 sunt
233 1089 291 1115 ex
321 1079 441 1114 metu
465 1072 512 1112 in
534 1070 682 1111 virum
702 1069 961 1108 constantem
984 1059 1165 1107 cadente,
1189 1056 1250 1096 ait
1282 1057 1364 1094 “ea
1385 1051 1521 1091 verba

107 1144 251 1197 magis
274 1141 493 1196 proverbii
522 1139 632 1188 loco,
655 1151 735 1191 pro
757 1150 811 1176 eo
844 1137 966 1173 metu
989 1129 1064 1182 qui
1088 1140 1171 1168 non
1206 1159 1212 1165 .
1247 1157 1255 1165 .
1288 1135 1429 1164 vanus
1451 1119 1522 1165 sit,

111 1211 369 1266 accipienda
411 1224 518 1257 esse,
559 1221 694 1261 quam
737 1211 785 1245 ut
826 1201 970 1243 verbis
1016 1198 1089 1252 [de
1131 1195 1227 1236 viro
1268 1188 1520 1243 constante]

112 1281 430 1322 inhaerendum
454 1281 534 1318 sit:
557 1277 675 1317 unde
700 1272 753 1328 [si
777 1276 937 1324 agatur
967 1268 1023 1308 de
1046 1271 1276 1305 contractu
1299 1276 1324 1302 a
1347 1259 1524 1312 femina

113 1349 240 1403 inito]
275 1348 461 1389 sufficiet
483 1351 627 1386 metus
650 1342 724 1395 qui
747 1340 879 1380 cadat
912 1350 994 1389 vg.
1018 1335 1062 1374 in
1087 1333 1309 1385 feminam
1331 1334 1524 1370 constan-

115 1427 222 1465 te7n‚·
257 1431 394 1471 quare
429 1448 437 1457 .
475 1448 484 1456 .
518 1444 527 1453 .
560 1411 840 1467 pensandum
874 1413 941 1447 est
973 1404 1079 1458 quid
1105 1401 1281 1455 femina
1316 1404 1526 1439 constans

114 1496 221 1529 tunc
258 1490 486 1532 metueret,
518 1486 705 1536 pensata
742 1475 930 1518 naturali
964 1473 1226 1514 feminarum
1265 1465 1526 1513 constantia,

115 1556 276 1610 quibus
317 1568 343 1594 a
385 1558 542 1593 natura
579 1550 692 1589 inest
725 1547 868 1586 minor
900 1542 1036 1584 animi
1071 1541 1210 1593 vigor,
1242 1535 1526 1588 corporisque

117 1621 369 1666 fortitud0.'’

178 1691 273 1742 318.
305 1688 459 1740 Atque
524 1679 716 1731 “idem,'’
768 1680 842 1728 ait,
904 1674 1183 1717 “dicendum
1236 1676 1316 1719 est,
1372 1667 1529 1708 eadem

120 1760 301 1808 ratione,
323 1769 411 1796 non
435 1760 610 1796 tantum
647 1751 689 1790 in
724 1747 889 1789 femina
923 1749 1124 1797 respectu
1161 1740 1252 1786 viri,
1285 1738 1362 1778 sed
1395 1735 1531 1776 etiam

122 1828 235 1868 inter
273 1826 383 1879 ipsos
422 1823 567 1864 viros:
600 1825 649 1861 ut
690 1817 807 1858 enirn
840 1815 1114 1855 discernatur
1155 1809 1252 1862 quis
1290 1807 1346 1846 sit
1388 1810 1532 1844 metus

121 1897 309 1937 ‘cadens
331 1894 374 1933 in
410 1892 551 1933 virum
584 1883 887 1933 constantem‚'
925 1879 1201 1922 attendenda
1234 1882 1300 1917 est
1332 1879 1468 1921 aetas,
1499 1871 1534 1911 si

123 1978 274 2013 senex,
294 1962 363 2003 vel
385 1973 494 2015 puer
514 1959 584 2007 sit,
609 1956 678 1997 cui
702 1960 846 1994 metus
878 1948 1124 1992 incutitur.”

184 2043 276 2084 319.
311 2031 482 2083 Neque,
504 2033 553 2067 ut
576 2026 692 2066 idem
717 2022 861 2063 adhuc
883 2033 975 2059 rem
993 2016 1283 2071 prosequitur,
1305 2011 1537 2066 inspicien-

125 2103 233 2143 dum
256 2105 323 2140 est
344 2098 487 2138 solum
505 2095 612 2149 quid
634 2093 841 2133 timerent
862 2089 942 2129 viri
964 2091 1202 2127 constantes
1233 2082 1354 2123 illius
1383 2076 1539 2120 aetatis

127 2173 182 2213 de
204 2184 292 2223 qua
305 2169 464 2221 agitur,
481 2166 559 2206 sed
578 2164 712 2204 etiam
735 2161 840 2214 quid
865 2153 1186 2198 rationabiliter
1203 2152 1360 2192 timere
1376 2148 1539 2187 debeat

128 2240 198 2281 ille
237 2237 315 2291 qni
363 2241 475 2276 metn
526 2231 724 2286 afficitur,
764 2229 877 2269 adeo
908 2232 957 2266 ut
989 2223 1146 2277 inspici
1197 2220 1359 2261 debeat
1407 2215 1542 2268 ipsius

129 2306 354 2349 metuentis
394 2301 660 2350 “fortitud0‚
694 2299 936 2349 innataque
977 2291 1112 2333 animi
1156 2285 1418 2341 magnitudo
1465 2288 1542 2323 aut

129 2376 324 2431 parvitas
346 2379 389 2413 et
411 2370 625 2423 fragilitas
645 2382 653 2409 :
673 2366 692 2383 ’'
724 2380 812 2413 seu,
836 2363 932 2404 aliis
969 2360 1128 2408 verbis,
1163 2364 1211 2397 ut
1242 2356 1304 2396 ait
1337 2351 1543 2398 Lacroix,

131 2451 275 2486 metus
298 2439 517 2493 respective
529 2436 688 2490 gravis
708 2432 971 2485 intelligitur
1002 2429 1058 2469 de
1091 2441 1143 2467 eo
1175 2428 1393 2476 “propter
1423 2419 1543 2472 quod

134 2501 1538 2532 ff

696 2564 707 2585 ¹
724 2566 813 2598 Ibid.
832 2575 863 2596 n.
880 2572 910 2604 3.
