1716 2729
151 79 189 108 n.
215 67 267 120 5.]
595 68 646 107 de
663 67 843 108 Actibus
863 67 1100 109 Humanzs.
1489 77 1538 107 21

208 181 274 221 66.
312 182 484 222 Horum
526 183 761 234 praecipua
802 183 863 222 sic
905 182 1117 222 exhibent
1151 181 1276 222 AA.‹
1320 181 1539 222 Primum.

149 249 322 290 Tacens
343 251 590 292 consentire
612 255 814 290 censetur
844 250 878 289 si
913 256 1070 302 agatur
1091 250 1146 289 de
1169 249 1262 301 ejus
1294 249 1439 289 favore
1462 256 1538 289 aut

149 318 408 358 commodo:
439 331 526 357 non
549 323 696 357 autern
719 317 754 356 si
787 324 943 369 agatur
963 317 1019 356 de
1041 315 1134 368 ejus
1157 316 1438 356 incommodo
1461 331 1535 357 seu

149 385 430 437 praejudicio.
495 386 652 438 Itaque
674 386 709 424 si
741 385 890 437 aliquo
911 384 991 424 tibi
1013 385 1311 438 promittente,
1333 385 1536 432 donante,

150 459 244 502 etc„
266 466 353 492 non
376 454 662 501 contradicas,
695 454 881 494 censeris
905 460 1134 506 acceptare
1153 466 1161 492 :
1195 452 1301 492 item
1324 453 1358 491 si
1382 452 1538 504 aliquis

149 535 228 574 pro
258 528 302 562 te
334 527 564 575 praesente
595 533 676 560 nec
707 521 1037 561 contradicente
1068 520 1319 572 fidejubeat,
1353 520 1540 560 censeris

149 596 291 629 ratum
313 589 486 629 habere.
549 588 598 629 Si
635 588 732 640 quis
755 602 857 628 vero
892 589 1041 641 cupiat
1078 602 1169 627 rem
1206 588 1288 627 sibi
1311 588 1366 627 ab
1402 587 1539 626 altero

147 658 312 707 donari,
347 658 474 697 aliter
509 657 742 697 dicendum
782 663 878 707 est3
917 663 960 697 et
993 656 1094 696 ideo
1128 669 1210 708 vg.
1233 656 1268 695 si
1306 656 1403 708 quis
1436 656 1541 694 velit

148 726 338 779 puellam
373 726 429 765 ad
465 725 794 765 matrimonium
830 724 1181 764 contrahendum
1219 723 1426 775 obligare,
1456 722 1540 769 illa,

148 795 182 833 si
205 800 361 843 taceat,
384 807 470 833 non
503 794 602 833 ideo
634 799 836 833 censetur
865 806 1128 833 consensum
1162 793 1382 845 praebere,
1403 805 1540 844 quum

148 869 304 915 agatur
324 863 379 901 de
401 862 494 914 ejus
516 862 798 915 obligatione.
863 861 1067 901 Secmzdo.
1099 860 1271 900 Tacens
1294 859 1542 899 consentire

148 935 348 969 censetur
369 930 404 969 si
426 931 673 969 consentire
696 929 849 969 nolens
872 935 1078 969 teneatur
1098 942 1257 980 negare
1279 928 1345 967 vel
1369 933 1541 967 contra-

147 998 318 1038 dicere:
351 1010 438 1037 non
474 998 579 1037 item
618 998 652 1036 si
691 997 954 1050 respondere
995 1002 1072 1036 aut
1113 996 1411 1036 contradicere
1453 1007 1541 1034 non

147 1071 363 1106 teneatur.
428 1065 508 1110 Ita,
549 1065 706 1104 sedens
759 1065 800 1103 in
853 1063 1052 1112 concilio,
1103 1063 1310 1116 capitulo,
1361 1069 1455 1112 etc.,
1506 1063 1543 1102 si

147 1134 322 1186 iniquae
363 1133 681 1181 constitutioni,
724 1138 801 1172 aut
842 1132 1043 1172 electioni
1085 1146 1173 1171 non
1211 1131 1431 1180 reclamet,
1467 1130 1542 1170 ubi

148 1201 313 1241 utiliter
353 1202 396 1240 id
438 1201 529 1240 fieri
570 1201 722 1253 possit,
766 1201 809 1240 in
862 1214 959 1239 eam
1012 1200 1258 1240 consentire
1305 1199 1542 1252 judicatur.

155 1269 311 1310 Tertio.
350 1269 557 1322 Princeps
578 1269 646 1309 vel
670 1269 910 1316 Praelatus,
936 1269 1077 1308 sciens
1101 1282 1191 1307 rem
1215 1267 1307 1307 fieri
1331 1274 1374 1307 et
1396 1267 1541 1315 silens,

149 1337 396 1377 consentire
422 1336 656 1389 judicatur,
678 1338 713 1376 si
736 1338 1081 1376 contradicendo
1115 1337 1254 1389 possit
1277 1336 1318 1375 id
1352 1336 1472 1388 quod
1494 1335 1545 1375 fit

149 1405 362 1458 impedire
383 1406 475 1445 sine
497 1405 691 1458 periculo
707 1404 902 1445 scandali
917 1411 992 1445 aut
1010 1405 1119 1445 alius
1137 1403 1390 1456 hujusmodi
1409 1402 1513 1442 mali
1533 1416 1543 1443 ε

148 1486 272 1513 secus
294 1486 397 1513 vero
419 1473 453 1512 si
476 1474 569 1513 sine
591 1472 844 1525 hujusmodi
877 1473 1159 1513 incommodo
1191 1472 1299 1512 illud
1331 1471 1544 1524 impedire

148 1553 233 1580 non
273 1541 424 1594 possit.
488 1540 562 1581 Sic
597 1540 823 1581 Praelatus
865 1542 1005 1580 sciens
1049 1540 1139 1580 fieri
1183 1540 1349 1593 aliquid
1391 1546 1546 1580 contra

146 1607 279 1660 leges,
302 1614 379 1648 aut
401 1608 567 1661 aliquid
586 1609 705 1661 quod
727 1608 821 1648 sine
839 1608 1016 1648 licentia
1038 1607 1133 1659 ejus
1155 1607 1246 1647 fieri
1262 1621 1348 1647 non
1371 1607 1544 1658 debeat,

147 1676 182 1716 si
204 1682 349 1717 taceat
370 1683 414 1717 et
434 1677 604 1725 toleret,
626 1689 762 1729 quum
794 1677 1029 1716 commode
1060 1676 1360 1717 contradicere
1391 1675 1544 1728 possit,

147 1751 348 1785 censetur
384 1746 517 1786 tacite
551 1744 796 1784 consentire
830 1744 897 1784 vel
937 1744 1159 1784 licentiam
1196 1745 1327 1785 dare:
1359 1744 1544 1796 ejusque

147 1811 381 1862 licentiam,
417 1826 690 1861 consensum,
723 1812 1092 1863 ratihabitionem,
1128 1813 1329 1852 subditus
1366 1826 1544 1865 praesu-

147 1894 264 1920 mere
312 1886 471 1934 potest.
538 1882 608 1921 Ita
660 1880 925 1933 Laymann,l
978 1880 1170 1932 Sporer,2
1219 1887 1263 1920 et
1313 1880 1385 1920 alii
1436 1878 1542 1920 AA.

144 1949 451 1989 communiter.

205 2016 272 2066 67.
304 2017 614 2057 Voluntarium
637 2023 703 2057 est
726 2020 772 2068 90
792 2016 965 2065 actuale,
989 2016 1184 2066 virtuale,
1208 2016 1276 2056 vel
1297 2015 1545 2055 habituale:

147 2097 260 2136 quae
300 2084 469 2134 divisio,
510 2085 768 2137 praesertim
820 2098 956 2137 quum
1008 2085 1155 2137 agitur
1194 2085 1249 2124 de
1298 2084 1543 2123 intentione

147 2151 357 2203 requisita
397 2152 441 2191 in
482 2153 768 2193 sacramentis
809 2152 1086 2192 conferendis
1125 2158 1201 2192 aut
1243 2150 1541 2204 suscipiendis,

149 2219 333 2258 maximi
351 2220 563 2260 momenti
579 2226 670 2271 est3
694 2221 850 2260 eodem
874 2220 990 2260 enim
1006 2233 1134 2260 sensu
1152 2225 1385 2259 sumuntur
1400 2230 1542 2265 voces,

149 2285 326 2325 intentio
359 2287 554 2336 actualis,
591 2288 800 2337 virtualis,
836 2293 928 2336 eto,
965 2287 1008 2326 in
1042 2287 1252 2327 Tractatu
1291 2287 1345 2326 de
1388 2284 1540 2324 Sacra-

148 2353 308 2393 mentis
330 2353 568 2404 adhibitae,
589 2369 640 2395 ac
661 2369 791 2396 voces
813 2355 1106 2395 voluntarium
1138 2354 1320 2398 actuale,
1343 2351 1541 2400 virtuale,

146 2428 244 2469 etc„
268 2435 376 2474 quas
398 2422 468 2462 hic
491 2437 715 2475 exponere
736 2423 1009 2476 suscipimus.

189 2520 201 2541 1
225 2521 300 2552 Lib.
321 2529 347 2552 1.
365 2527 459 2553 tract.
478 2530 510 2552 2.
527 2533 599 2563 cap.
619 2522 665 2553 iii.
681 2533 713 2553 n.
731 2530 763 2562 3.
980 2520 993 2540 ²
1014 2522 1129 2557 Tract,
1153 2529 1179 2551 1.
1199 2530 1271 2560 cap.
1296 2527 1343 2550 11.
1361 2528 1394 2549 n.
1414 2524 1468 2556 27.
