1716 2729
109 95 183 122 nn.
211 93 227 122 Ι
236 91 274 134 7,
309 93 323 122 1
333 81 388 135 8.]
567 79 618 121 de
636 79 676 120 A
685 79 820 120 ctz'bus
840 79 1079 120 Humanis.
1438 87 1452 116 1
1462 88 1485 116 2
1494 85 1519 127 5

113 197 382 251 Apostolus:
425 197 519 250 ipse
570 195 735 249 quippe
781 196 900 236 visus
950 199 1018 234 est
1071 206 1231 245 negare
1282 193 1516 234 veritatem

109 272 265 306 contra
295 265 518 319 propriam
551 262 855 313 voluntatem3
888 260 1108 315 siquidem
1143 266 1218 300 aut
1250 274 1412 314 negare
1441 266 1518 301 aut

109 334 221 374 mori
245 346 421 373 necesse
443 338 547 372 erat.
598 331 712 372 Mori
735 332 898 372 timens
920 330 1108 383 negavit.
1152 328 1328 381 Negare
1343 329 1519 378 nolebat,

110 405 189 445 sed
197 404 339 457 magis
358 402 524 443 nolebat
544 401 659 442 mori
700 435 708 442 .
758 433 766 441 .
823 400 1029 454 Negavit,
1047 413 1103 440 ne
1126 405 1378 440 moreretur.
1440 432 1447 439 .

114 473 318 514 Peccavit
339 485 459 524 ergo,
478 477 523 511 et
544 484 628 510 nen
654 469 812 523 absque
831 483 1030 510 consensu
1043 468 1248 521 propriae
1269 468 1519 515 voluntatis,

112 541 311 582 infirmae
333 540 515 594 quidem
535 546 579 579 et
601 540 801 588 miserae,
835 539 913 578 sed
935 538 1070 590 plane
1099 536 1265 578 liberae.
1327 568 1336 577 .
1399 570 1407 577 .
1471 536 1518 578 Si

112 610 337 652 Christum
369 623 458 649 non
487 615 693 658 amasset,
724 622 814 648 non
846 614 1052 660 negasset
1085 607 1275 656 invitus;
1307 619 1460 647 verum
1483 607 1518 646 si

110 691 157 718 se
179 677 369 731 amplius
391 690 479 717 non
502 683 707 726 amasset,
730 689 819 716 non
842 676 1122 728 aliquatenus
1145 674 1387 728 negasset.''

171 835 263 876 329.
299 821 636 880 Principium
656 821 938 867 II-—Metus
968 821 1213 874 subjective
1250 822 1408 873 gravis,
1440 834 1521 873 quo

103 891 292 946 gravior
309 896 370 931 est
389 896 430 929 et
449 887 738 940 vehementior,
751 905 795 931 eo
816 891 959 944 magis
981 889 1209 930 imminuit
1223 889 1519 930 voluntarium

109 968 147 1003 et
178 961 268 1002 ideo
293 965 512 1014 peccatum
524 974 543 1007 ‚·
577 959 707 1000 immo
727 961 770 1000 si
800 961 1088 1014 gravissimus
1118 960 1188 1009 sz‘t,
1221 959 1520 999 voluntarium

109 1030 233 1080 tollit,
253 1035 294 1070 et
314 1029 404 1069 ideo
424 1027 596 1068 omnino
616 1036 788 1069 excusat
806 1043 834 1069 a
844 1035 1022 1081 peccato.

170 1109 263 1151 330.
295 1097 388 1137 Vix
410 1110 522 1150 opus
541 1103 606 1136 est
622 1103 776 1138 notare
795 1097 1059 1151 principium
1078 1096 1163 1136 hoc
1180 1095 1519 1148 intelligendum

113 1181 208 1208 esse
230 1167 286 1207 de
307 1172 430 1206 metu
453 1165 528 1218 qui
549 1165 774 1218 subjective
786 1166 945 1219 gravis
966 1166 1127 1207 dicitur
1148 1179 1202 1205 eo
1222 1162 1372 1205 sensu1
1386 1164 1518 1217 quod,

113 1233 416 1288 perturbando
433 1233 567 1273 animi
586 1232 834 1282 facultates,
848 1234 909 1275 sic
927 1247 1054 1274 usum
1073 1233 1256 1273 rationis
1275 1231 1344 1272 vel
1363 1232 1521 1272 minuit

110 1302 180 1343 vel
215 1303 350 1342 etiam
386 1300 514 1341 tollit.
578 1301 712 1342 Porro
745 1303 851 1342 satis
889 1316 948 1342 ex
988 1302 1203 1343 hactenus
1234 1301 1363 1341 dictis
1394 1306 1519 1354 patet

111 1370 423 1418 voluntarium,
461 1374 505 1409 et
546 1369 648 1409 ideo
689 1376 935 1423 peccatum,
971 1384 1024 1410 eo
1066 1370 1208 1421 magis
1250 1368 1388 1408 minui
1429 1381 1519 1420 quo

116 1437 258 1490 magis
279 1436 341 1476 sic
362 1436 630 1488 impediatur
646 1437 777 1490 plena
798 1437 1048 1478 intellectus
1066 1437 1337 1477 deliberatio.
1373 1436 1521 1476 Immo

118 1507 266 1554 etiam,
290 1510 338 1545 ut
370 1503 519 1558 supra2
550 1506 606 1545 de
639 1505 1011 1559 Concupiscentia
1042 1506 1211 1546 dictum
1245 1511 1323 1554 est,
1344 1505 1406 1544 sic
1427 1503 1519 1543 fieri

114 1580 262 1628 potest
296 1580 344 1614 ut
376 1574 625 1614 intellectus
661 1575 922 1628 gravissimo
954 1579 1074 1614 metu
1105 1574 1218 1614 adeo
1240 1572 1521 1626 perturbetur

119 1648 167 1683 ut
188 1642 498 1692 voluntarium,
521 1649 566 1684 et
587 1642 688 1683 ideo
707 1649 952 1696 peccatum,
975 1643 1159 1682 omnino
1181 1641 1406 1682 tollantur.

175 1722 268 1763 331.
304 1711 377 1751 Ex
400 1712 530 1752 dictis
551 1725 655 1752 vero
676 1725 719 1751 n.
744 1721 837 1764 327.
868 1724 1046 1764 quoque
1075 1716 1252 1751 constat
1287 1714 1520 1763 peccatum

114 1779 310 1833 alioquin
353 1780 539 1821 mortale
581 1793 669 1820 non
713 1779 825 1820 adeo
865 1780 927 1819 sic
969 1779 1106 1819 minui
1146 1785 1193 1820 ut
1229 1779 1308 1819 fiat
1344 1785 1520 1819 tantum

121 1846 304 1897 veniale,
339 1849 422 1888 nisi
460 1854 604 1889 metus
641 1848 858 1888 rationem
893 1848 1006 1888 adeo
1041 1847 1268 1900 perturbet
1297 1854 1346 1888 ut
1367 1846 1522 1888 volun-

117 1916 277 1956 tarium
319 1916 396 1958 fiat
447 1916 739 1970 impeffectum
756 1932 768 1956 :
812 1917 930 1970 quod
983 1917 1162 1969 quidem
1216 1929 1315 1956 raro
1365 1916 1521 1956 evenit.

118 1983 273 2037 Atque
314 1983 535 2024 rarissime
577 1984 723 2024 evenit
757 1990 805 2024 ut
842 1990 988 2024 metus
1029 1985 1086 2024 sit
1115 1984 1425 2037 gravissimus,
1447 1983 1521 2035 qui

116 2052 429 2101 voluntarium,
451 2059 495 2093 et
517 2052 578 2093 sic
599 2058 847 2105 peccatum,
872 2052 1054 2093 omnino
1075 2052 1235 2093 tollat.3

178 2208 271 2250 332.
315 2195 648 2255 Principium
682 2197 992 2243 IIL—Metzts
1031 2198 1274 2250 subjective
1314 2196 1421 2237 levis
1443 2209 1524 2235 non

120 2266 242 2314 tollit,
264 2265 395 2305 immo
417 2265 493 2306 vix
513 2265 684 2314 minuit,
706 2265 1002 2306 voluntarium
1023 2273 1103 2307 aut
1118 2271 1347 2319 peccatam.

565 2431 573 2452 ¹
589 2433 670 2465 Vid.
687 2444 722 2465 n.
740 2442 815 2475 309.

563 2473 576 2493 ²
589 2477 669 2508 Vid.
687 2488 797 2519 supra,
813 2488 871 2508 nn.
890 2485 965 2517 294,
982 2486 1059 2519 295.

563 2520 667 2551 ³Vid.
686 2531 796 2562 supra,
813 2531 846 2553 n.
863 2529 937 2562 302.
956 2525 1002 2552 10.
