1716 2729
145 85 185 111 n.
210 70 264 124 5.]
589 72 643 112 de
658 71 838 112 Actibus
858 72 1092 113 Humanis.
1478 85 1530 128 25

145 185 365 225 dictamen
401 185 517 235 artis,
540 190 583 225 et
614 185 886 226 voluntatem
919 200 1006 238 qua
1033 188 1180 240 pulsat
1206 188 1417 230 citharam
1443 191 1530 230 dis-

142 259 306 293 tractus
329 254 384 294 ad
417 252 585 293 fabulas
607 252 674 292 vel
699 253 887 305 negotia,
905 253 1005 294 licet
1037 268 1184 296 revera
1205 256 1366 296 habeat
1397 258 1531 297 etiam

142 327 247 361 tunc
270 321 461 374 aliquam
493 326 670 360 tenuem
703 320 1022 361 advertentiam
1056 324 1287 373 actualem,
1311 329 1353 363 et
1376 325 1529 365 volun-

142 394 276 428 tatem
299 389 430 428 etiam
453 388 668 433 actualem
693 389 896 429 movendi
918 389 1063 431 taliter
1084 389 1299 443 digitos.”1

197 456 267 508 76.
300 454 453 508 Atque
493 455 733 505 Suaresius,
766 457 858 506 etsi,
900 463 947 497 ut
989 471 1119 511 supra
1155 459 1357 509 vidimus,
1408 474 1531 512 prae-

141 528 310 562 sentem
332 521 584 574 hujusmodi
607 522 823 563 influxum
843 537 930 563 non
946 525 1084 578 exigit
1102 532 1149 566 ut
1168 527 1455 567 necessarium
1474 529 1530 568 ad

141 589 434 629 voluntarium
457 590 653 638 virtuale,
675 596 824 630 tamen
847 593 1046 644 agnoscit
1080 607 1177 633 eum
1214 594 1331 634 haud
1362 608 1457 634 raro
1486 594 1530 634 in

142 656 386 696 actionibus
408 657 652 697 virtualiter
672 657 927 698 voluntariis
949 660 1141 701 inveniri.
1204 661 1335 702 Porro
1358 662 1530 714 quoties

141 724 265 765 adest
306 723 560 776 hujusmodi
600 724 839 765 voluntatis
891 725 1095 777 influxus,
1139 728 1531 783 “consequenter,’'

142 788 236 840 ait,2
276 792 558 832 “necessaria
599 793 730 832 etiarn
773 794 852 833 erit
900 793 1047 848 aliqua
1098 796 1280 836 actualis
1330 796 1529 846 attentio,

140 860 294 900 saltem
337 860 392 900 ad
435 860 574 912 ipsam
617 861 835 901 actionem
872 867 1102 903 externam
1137 878 1249 917 quae
1286 870 1528 905 exercetur.

141 928 271 980 Quod
293 928 328 968 si
351 928 483 976 dicas,
506 941 586 968 nos
609 941 696 968 non
725 929 915 981 experiri
949 929 1202 983 hujusmodi
1236 932 1526 972 attentionem

139 1003 184 1036 et
204 997 420 1037 actualem
442 996 730 1046 voluntatem,
754 999 1053 1050 respondetur,
1084 1000 1202 1039 illam
1235 1000 1526 1040 attentionem

141 1077 236 1105 esse
270 1065 399 1105 valde
435 1064 625 1105 debilem
665 1070 708 1105 et
745 1066 987 1116 remissam,
1023 1073 1067 1108 et
1107 1081 1188 1107 uon
1226 1067 1436 1108 includere
1466 1082 1528 1108 re-

140 1133 373 1187 flexionem,
409 1145 493 1184 qua
532 1132 811 1173 advertamus
850 1147 924 1173 nos
958 1135 1172 1175 attendere
1215 1140 1292 1175 aut
1334 1136 1455 1184 velles
1486 1142 1531 1176 et

141 1203 252 1250 ideo,
293 1200 394 1240 licet
442 1213 591 1240 revera
631 1200 700 1249 sit,
762 1230 771 1239 .
832 1232 841 1241 .
901 1215 980 1243 nos
1021 1208 1170 1243 tamen
1221 1202 1339 1242 illam
1391 1204 1433 1243 in
1485 1217 1532 1244 se

143 1282 222 1310 nec
263 1266 515 1320 experimur
555 1268 765 1320 quamdiu
807 1270 948 1319 durat,
994 1284 1085 1319 nec,
1117 1277 1353 1324 postquam
1390 1278 1531 1312 trans-

142 1341 241 1376 acta
289 1340 369 1384 est,
413 1335 630 1375 recordari
666 1341 742 1375 aut
778 1335 1006 1388 dijudicari
1049 1351 1281 1390 possumus
1323 1352 1377 1378 an
1410 1338 1530 1379 illam

141 1401 456 1443 habuerimus''

200 1480 268 1522 77.
316 1469 473 1522 Neque
523 1476 671 1510 tamen
721 1470 829 1511 haec
886 1472 1015 1512 tertia
1068 1474 1288 1514 sententia
1338 1475 1532 1514 tenenda

143 1538 342 1587 videtur;
374 1550 490 1587 nam,
521 1538 673 1587 “etsi,'’
698 1544 746 1579 ut
777 1540 838 1580 ait
871 1539 1136 1591 Suaresius,3
1159 1546 1265 1582 “est
1296 1542 1402 1582 satis
1432 1555 1531 1595 pro-

142 1605 312 1655 babilis,
334 1611 378 1646 et
408 1619 539 1658 saepe
574 1605 758 1647 fortasse
792 1607 854 1647 ita
886 1607 1081 1657 accidit,''
1102 1614 1264 1657 tamen,
1287 1614 1335 1649 ut
1367 1609 1531 1650 ibidem

143 1673 379 1726 subjungit,
396 1673 538 1712 “nihil
555 1679 621 1714 est
637 1675 755 1727 quod
773 1676 1003 1716 convincat
1020 1676 1102 1716 hoc
1120 1690 1213 1717 esse
1227 1677 1532 1717 necessarium.

144 1730 343 1792 UndevS.
366 1741 563 1782 Thomas
579 1742 649 1783 hic
668 1740 729 1797 [in
755 1754 777 1794 3
793 1750 900 1797 part.
926 1743 1105 1797 Quaest.
1122 1744 1188 1795 64.
1203 1745 1382 1786 art.viii.
1403 1745 1468 1785 ad.
1489 1745 1529 1799 3]

144 1808 422 1849 manifestum
455 1812 663 1863 supponit
695 1825 823 1865 posse
854 1812 944 1853 fieri
967 1813 1186 1853 actionem
1219 1818 1449 1853 externam
1473 1827 1531 1853 ex

142 1876 314 1917 virtuali
352 1877 594 1918 intentione
625 1878 929 1931 praecedente,
951 1879 1044 1920 sine
1077 1879 1164 1920 ulla
1197 1880 1357 1920 actuali
1389 1886 1532 1921 atten-

143 1943 274 1984 tione.
336 1943 449 1984 Item
491 1945 764 1997 experientia
800 1946 929 1999 hujus
969 1947 1028 1987 rei
1070 1948 1243 1988 videtur
1283 1961 1378 1988 esse
1418 1948 1531 1989 adeo

145 2010 272 2059 clara,
300 2016 347 2051 ut
384 2024 470 2051 non
507 2012 709 2053 videatur
745 2014 950 2067 neganda
983 2015 1078 2055 sine
1119 2015 1320 2056 evidente
1354 2015 1532 2056 ratione.

148 2081 257 2134 Quis
288 2080 403 2121 enim
436 2081 565 2131 dicat,
588 2083 798 2135 quamdiu
830 2084 964 2124 homo
996 2085 1194 2125 ambulat
1225 2098 1283 2125 ex
1314 2085 1354 2125 vi
1378 2083 1532 2137 prioris

147 2148 400 2188 intentionis
436 2162 512 2189 seu
549 2150 869 2203 applicationis,
906 2165 1077 2204 semper
1114 2158 1213 2192 actu
1248 2152 1440 2205 cogitare
1476 2151 1532 2190 de

148 2218 242 2269 ipsa
272 2215 584 2269 ambulatione,
616 2219 873 2271 praesertim
905 2232 1040 2272 quum
1072 2220 1185 2260 inter
1216 2218 1533 2260 ambulandum

148 2283 253 2324 alias
268 2296 334 2323 res
351 2284 642 2325 attentissime
664 2286 911 2336 meditatur,
925 2292 1001 2326 aut
1024 2286 1108 2327 alia
1125 2287 1302 2339 negotia
1316 2293 1472 2328 tractat
1488 2289 1533 2326 ?’'

403 2441 416 2463 ²
436 2443 542 2475 Tract.
561 2443 598 2474 de
612 2444 824 2482 Paenitentia,
844 2445 942 2486 Disp.
963 2451 991 2484 7,
1010 2450 1090 2477 sect.
1110 2446 1153 2476 iv.
1172 2456 1205 2476 n.
1224 2453 1278 2484 40.

401 2484 540 2560 ζῖζιέῑί.
556 2487 593 2518 de
607 2488 699 2518 Sacr.
719 2489 754 2518 in
774 2488 901 2526 Genere,
924 2488 1019 2529 Disp.
1043 2497 1091 2528 13-
1110 2493 1190 2519 sect.
1209 2488 1255 2518 iii.
1274 2497 1306 2518 n.
1324 2492 1355 2528 54

476 2539 485 2559 1
515 2552 521 2559 .
