1716 2729
184 130 266 170 242
614 116 657 157 E
658 115 827 157 lenclzus
847 115 1123 156 Decretorum

238 245 278 285 4.
310 233 378 274 De
395 230 600 286 Operibus
609 231 751 284 factis
770 245 821 271 ex
831 238 901 283 spe
920 229 1120 271 mercedis
1143 228 1304 283 [Tract.
1328 243 1371 271 n.
1395 227 1512 285 648]

241 336 375 378 Unde
397 339 573 375 constat
596 347 671 374 eos
703 333 981 373 orthodoxae
1003 331 1226 384 religionis
1257 331 1485 372 doctrinae
1505 331 1584 371 ad-

181 404 355 453 versari,
419 435 428 444 .
491 436 498 444 .
561 402 635 455 qui
658 406 862 442 statuunt
895 400 938 439 in
970 399 1178 439 omnibus
1211 399 1419 452 operibus
1439 398 1583 451 justos

182 485 365 526 peccare
386 471 421 511 si
443 471 486 510 in
511 470 608 519 illis,
633 483 757 509 suam
782 469 978 520 ipsorum
1002 467 1249 507 socordiam
1273 466 1525 516 excitando,
1539 471 1584 505 et

180 554 276 582 sese
298 540 354 580 ad
378 539 644 579 currendum
667 538 710 576 in
741 536 887 576 stadio
911 535 1198 584 cohortando,
1221 548 1321 574 cum
1353 534 1437 573 hoc
1459 539 1507 573 ut
1539 533 1583 572 in

180 608 333 662 primis
374 605 645 660 glorificetur
679 604 815 654 Deus,
853 603 1103 643 mercedem
1146 616 1322 655 quoque
1357 602 1585 642 intuentur

180 682 436 716 aeternam:
473 687 572 714 cum
610 672 789 726 [Psalm.
813 671 960 710 cxviii.
988 668 1088 725 112]
1122 671 1335 722 scriptum
1369 669 1449 710 sit:
1471 669 1584 709 “In-

182 744 343 784 clinavi
386 755 460 782 cor
513 754 661 781 meum
712 740 768 780 ad
812 738 1034 778 faciendas
1083 737 1422 791 justificationes
1473 743 1584 786 tuas,

181 817 361 866 propter
395 809 731 850 retributionem
753 807 785 857 ;’'
827 813 871 846 et
905 807 960 846 de
992 806 1152 857 Moyse
1184 806 1303 845 dicat
1334 804 1583 858 Apostolus

181 880 319 933 [Heb.
356 879 417 918 xi.
446 876 546 932 26.]‚
568 877 688 929 quod
721 874 1029 928 “respiciebat
1065 875 1108 914 in
1146 871 1583 914 remunerationem.”

188 948 317 989 SESS.
339 947 377 986 6.
411 946 481 986 De
505 944 838 998 Jusz‘ficatione‚
863 942 969 995 Cap.
998 954 1013 982 1
1028 953 1058 982 1.

240 1073 288 1114 Si
329 1072 427 1125 quis
470 1070 634 1111 dixerit
673 1067 963 1121 justificatum
1025 1080 1217 1120 peccare,
1261 1067 1369 1106 dum
1421 1066 1584 1106 intuitu

180 1148 388 1183 aeternae
420 1139 634 1180 mercedis
666 1137 777 1177 bene
811 1141 1047 1188 operatur;
1081 1134 1321 1175 anathema
1343 1135 1409 1175 sit.
1471 1134 1585 1175 [bid.

182 1210 291 1253 Can.
316 1221 383 1262 31.

184 1434 239 1474 ΙΙ.
275 1433 668 1472 PROPOSITIONES
700 1438 732 1467 A
764 1427 862 1467 RR.
897 1425 1248 1466 PONTIFICIBUS
1271 1424 1572 1465 DAMNATAE.

236 1537 292 1583 A.
328 1541 402 1581 Ex
438 1538 682 1580 Erroribus
726 1547 796 1587 41.
841 1534 1024 1575 Martini
1068 1532 1265 1582 Lutheri‚
1304 1532 1526 1573 damnatis
1556 1546 1585 1573 a

183 1611 358 1650 LEONE
391 1608 443 1648 X.
480 1608 590 1659 (Aa).
632 1606 770 1657 1520).

212 1734 278 1774 De
333 1730 596 1773 Contritione
637 1743 689 1768 ex
750 1728 876 1768 liffetu
936 1724 1158 1766 Gelaemzae
1201 1723 1338 1763 elicita
1387 1722 1553 1776 [Tract.

715 1809 783 1836 nn.
809 1805 902 1847 343,
925 1792 1038 1847 648]

241 1899 541 1950 6t2=‚C0nt1·itio
590 1911 702 1951 quae
746 1903 926 1950 paratur
964 1906 1042 1946 per
1083 1891 1414 1941 discussionem,
1451 1892 1584 1933 colla-

183 1973 365 2020 tionem,
387 1976 431 2009 et
453 1967 797 2009 detestationem
821 1968 1117 2016 peccatorum,
1142 1973 1230 2012 qua
1251 1959 1349 2012 quis
1372 1961 1584 2015 recogitat

184 2053 325 2081 annos
368 2051 470 2077 suos
508 2037 550 2075 in
590 2033 886 2074 amaritudine
929 2029 1103 2070 animae
1140 2041 1257 2077 suae,
1295 2028 1584 2081 ponderando

184 2115 466 2165 pcccatorum
486 2106 763 2158 gravitatem,
788 2098 1129 2146 multitudinem,
1147 2096 1428 2136 amissionem
1446 2103 1584 2138 aeter-

185 2194 267 2221 nae
289 2174 591 2221 beatitudinis,
614 2187 664 2214 ac
687 2177 891 2212 aeternae
914 2166 1215 2208 damnationis
1238 2166 1586 2218 acquisitionem,

184 2249 296 2290 haec
317 2244 523 2287 contritio
548 2241 652 2282 facit
673 2237 966 2297 hypocritam,
984 2235 1120 2273 immo
1138 2233 1278 2285 magis
1295 2240 1584 2285 peccatorem.

331 2382 399 2422 De
419 2379 574 2420 Libero
604 2375 812 2417 Hominis
831 2370 1031 2414 Arbitrio
1056 2369 1221 2423 [Tract.
1245 2382 1286 2409 n.
1311 2368 1428 2425 202.]

247 2464 349 2519 362³.
378 2464 588 2505 Liberum
612 2460 837 2502 arbitrium
861 2462 962 2511 post
985 2460 1216 2508 peccatum
1240 2460 1306 2494 est
1327 2468 1393 2494 res
1409 2456 1465 2496 de
1487 2456 1584 2497 solo

187 2534 318 2576 titulo
339 2548 349 2586 3
372 2539 416 2574 et
438 2532 545 2573 dum
569 2530 672 2571 facit
695 2528 813 2582 quod
837 2527 880 2567 in
902 2540 948 2567 se
970 2531 1049 2577 est,
1071 2531 1226 2580 peccat
1249 2524 1503 2566 mortaliter.
