1716 2729
165 64 192 104 6
751 64 790 104 T
789 69 978 104 metatus
1382 61 1560 118 [GURV‚

167 180 254 218 Res
277 185 399 232 patet
420 179 629 232 exemplo
651 179 833 231 alicujus
855 180 1050 219 veritatis
1074 178 1292 231 religionis
1325 191 1439 231 quae
1468 192 1554 232 v.g.

165 246 480 287 meditantibus
502 247 815 299 perpendenda
837 247 1103 300 proponitur.

255 326 313 366 19.
346 314 440 356 Vix
461 329 572 368 opus
595 320 660 354 est
682 315 1029 355 animadvertere
1058 314 1274 368 quosdam
1303 327 1397 353 esse
1420 319 1556 363 actus,

164 396 253 430 seu,
275 388 323 423 ut
343 389 567 432 vocantur,
589 388 738 431 motus,
759 383 983 436 appetitus
1008 383 1214 431 sensitivi,
1235 395 1318 434 vg.
1344 381 1558 435 impulsus

164 450 379 503 quosdam
404 451 502 499 irae,
525 449 726 490 desiderii
748 450 980 499 vindictae,
1003 456 1098 498 etc.‚
1121 456 1212 499 etc,
1237 450 1310 502 qui
1343 449 1437 489 sine
1470 449 1559 489 ullo

164 519 346 571 irnperio
360 518 599 558 voluntatis
617 524 692 558 aut
710 518 956 558 intellectus
971 518 1285 558 deliberatione
1303 517 1560 559 eliciuntur:

164 587 207 626 hi
218 586 521 639 primo-premi
538 592 758 627 vocantur.
813 587 987 627 Deinde
1003 585 1336 639 secundo-primi
1348 591 1561 626 vocantur

165 660 309 694 motus
345 654 420 707 qui
456 655 655 693 oriuntur
696 659 795 706 post
837 654 1199 694 deliberationem
1246 653 1557 705 imperfectam.

168 723 319 762 Motus
341 722 532 774 denique
563 721 737 761 secundi
766 722 970 761 dicuntur
991 722 1019 761 ii
1042 722 1115 774 qui
1139 735 1196 761 ex
1220 721 1458 761 voluntatis
1480 721 1558 761 irn-

164 791 294 843 perio.
321 796 395 829 aut
417 789 575 829 saltem
607 790 845 838 voluntate,
873 797 1110 843 postquam
1144 803 1234 829 rem
1266 789 1372 829 satis
1404 803 1559 842 appre-

163 858 363 897 henderit
386 857 643 907 intellectus,
666 858 980 906 consentiente,
1003 855 1282 898 excitantur.l

724 1028 934 1070 CAPUT
968 1030 1004 1070 Ι.

386 1126 450 1157 DE
482 1126 708 1158 NOTIONE
739 1127 948 1159 ACTUUM
982 1128 1332 1160 HUMANORUM.

225 1219 288 1248 ΞΟ.
314 1206 582 1251 Definitio.
646 1207 788 1248 Actus
817 1208 1043 1257 humanus,
1086 1210 1198 1249 sicut
1237 1208 1350 1248 hanc
1397 1222 1562 1266 vocem,

166 1275 258 1316 TT.
280 1275 637 1315 communissime
659 1276 891 1329 accipiunt,
906 1282 972 1316 est
993 1283 1111 1316 actus
1128 1276 1203 1329 qus'
1221 1276 1274 1316 ab
1294 1276 1562 1329 lcmm‘neper-

152 1342 310 1395 ficitur
338 1357 431 1382 cnm
463 1343 729 1382 advertentz'a
762 1343 1004 1392 intellectus,
1031 1358 1227 1384 consensu
1260 1344 1503 1394 voluntatis,
1524 1351 1562 1385 et

164 1411 374 1451 libertatis
393 1411 596 1452 exercitio.
651 1413 806 1465 Neque
828 1413 944 1453 enim
961 1412 1176 1453 humanus
1191 1413 1276 1453 dici
1293 1413 1404 1452 solet
1421 1413 1560 1465 quivis

162 1478 354 1518 hominis
377 1485 515 1527 actuS,
538 1480 613 1519 sed
638 1486 811 1520 tantum
835 1487 958 1520 actus
981 1481 1054 1533 qui
1077 1480 1462 1532 hominipropm'us
1483 1486 1560 1529 est,

165 1546 238 1598 qui
262 1560 420 1599 nempe
453 1547 674 1599 perficitur
695 1548 750 1587 ab
772 1548 951 1588 homine
974 1548 1018 1588 in
1039 1555 1246 1600 quantum
1278 1548 1398 1588 lcomo
1427 1555 1490 1587 est
1518 1555 1562 1589 et

165 1614 309 1654 differt
330 1628 355 1653 a
377 1615 583 1655 creaturis
606 1616 940 1657 irrationalibus.
1005 1617 1074 1656 Ita
1094 1617 1139 1658 S.
1167 1615 1393 1656 Thomas-‚²

224 1693 288 1722 21.
324 1681 450 1734 Quae
486 1689 635 1722 tamen
670 1684 893 1724 distinctio
925 1693 974 1725 ut
1006 1685 1085 1724 rite
1117 1685 1396 1737 intelligatur,
1420 1685 1559 1725 anim-

164 1751 486 1789 advertendum
530 1758 595 1791 est
643 1765 741 1792 cum
786 1750 1008 1794 Suaresio3
1052 1766 1149 1792 eam
1206 1766 1335 1805 posse
1385 1752 1558 1793 duobus

163 1817 361 1857 sensibus
384 1818 569 1871 intelligi
588 1833 596 1868 ;
629 1819 698 1859 vel
723 1821 838 1860 enim
863 1821 1092 1874 respicitur
1115 1827 1291 1861 actuum
1305 1819 1557 1870 substantia,

163 1884 231 1924 vel
255 1885 402 1924 modas
423 1899 510 1938 quo
533 1886 831 1938 perficiuntur.

221 1964 286 1993 22.
319 1952 511 1992 Ratione
550 1954 823 2004 substantiae,
859 1956 1025 1997 homini
1068 1956 1229 2010 proprii
1264 1962 1366 1996 sunt
1402 1970 1554 1997 omnes

163 2026 284 2062 actus
306 2020 566 2061 facultatum
590 2037 737 2063 earum
761 2025 919 2077 quibus
944 2031 1093 2066 carent
1115 2030 1339 2065 creaturae
1370 2024 1556 2065 homini-

165 2089 243 2127 bus
285 2088 535 2129 inferiores:
586 2103 728 2143 neque
772 2092 888 2132 enirn
934 2099 1081 2146 potest
1130 2091 1383 2144 hujusmodi
1435 2098 1558 2133 actus

164 2156 325 2197 censeri
367 2155 457 2196 ullo
499 2156 633 2197 modo
676 2160 920 2200 communis
963 2160 1212 2200 hominibus
1255 2173 1354 2200 cum
1406 2160 1557 2201 brutis.

165 2224 396 2276 Ejusmodi
429 2238 509 2277 vg.
542 2231 644 2264 sunt
676 2232 798 2266 actus
831 2227 1088 2277 intellectus,
1121 2227 1183 2267 uti
1216 2227 1436 2279 cogitatio,
1459 2240 1554 2279 per-

164 2293 319 2344 ceptio,
338 2291 564 2343 judicium,
588 2294 872 2334 ratiocinium.

208 2422 214 2439 ¹
231 2421 308 2454 Vid.
328 2421 461 2462 Sporer,
482 2421 591 2453 Tract.
614 2429 640 2451 1.
657 2432 729 2462 cap.
746 2423 787 2453 vi.
809 2433 863 2454 nn.
886 2431 998 2464 10-17.

204 2465 216 2484 ²
230 2465 379 2501 Summa,
404 2472 428 2494 1.
450 2472 479 2494 2.
498 2464 633 2503 Quaest.
661 2472 686 2494 1.
704 2470 764 2495 art.
787 2474 813 2495 1.

203 2508 215 2526 3
235 2509 266 2538 T
262 2512 340 2538 ract.
358 2507 394 2538 de
414 2507 536 2538 Ultimo
553 2507 636 2537 Fine
653 2508 820 2545 flaminis,
841 2509 935 2550 Disp.
955 2518 986 2541 2.
1003 2514 1082 2542 sect.
1100 2509 1135 2540 ii.
1154 2519 1185 2541 n.
1208 2515 1246 2548 7;
1274 2509 1325 2541 Cf.
1353 2509 1478 2544 Alasia,
1505 2510 1561 2540 De

160 2552 230 2581 Act.
249 2551 432 2587 Humanis,
453 2550 541 2581 Diss.
562 2558 588 2581 1.
608 2559 680 2590 cap.
706 2551 727 2581 i.
745 2561 776 2581 n.
795 2557 825 2591 5.
