1716 2729
163 106 248 145 214
765 95 804 135 T
802 102 994 137 metatus
1390 95 1451 150 {G
1459 106 1576 148 URY,

161 225 244 264 vg.
287 210 496 263 pellendo
547 211 696 265 frigus,
738 218 943 266 operetur
994 226 1082 265 qua
1132 211 1269 253 homo
1310 212 1575 265 z‘nadequate,

162 279 438 320 attendendo
470 281 526 320 ad
564 280 683 321 bona
719 282 927 336 corporiS,
950 288 993 322 et
1028 281 1208 322 aliunde
1250 295 1340 322 non
1377 288 1575 335 apponat

163 348 329 389 malum
353 348 502 399 finem,
528 350 649 390 nullo
673 351 809 391 modo
832 349 1029 404 peccat?

220 418 317 459 620.
352 418 565 458 Fatentur
593 419 746 472 utique
780 420 1003 461 Scotistae
1034 419 1203 460 homini
1241 419 1444 460 illicitum
1478 434 1575 461 esse

161 501 213 527 ea
249 486 404 536 facere,
427 501 541 540 quae
576 488 694 528 bono
737 489 942 530 rational}
982 490 1282 541 adversentur,
1307 489 1456 543 qualia
1491 505 1573 544 vg.

160 561 264 596 sunt
305 556 455 596 omnia
491 570 606 609 quae
648 557 745 610 lege
780 557 867 598 Dei
906 558 1208 612 prohibentur.
1291 557 1434 600 Simul
1470 572 1581 599 vero>

160 625 438 666 contendunt
460 625 719 668 Thomistas
753 627 937 667 omnino
969 633 1120 668 autem
1153 627 1304 681 gratis,
1325 633 1368 668 et
1392 627 1574 680 quidem

160 699 315 734 contra
337 694 396 734 rei
419 694 663 744 veritatem,
685 700 879 735 statuere
912 701 1095 736 naturae
1127 695 1331 736 rationali
1353 695 1580 737 adversari

161 777 213 803 ea
235 763 385 803 omnia
419 776 533 816 quae
568 776 655 803 non
694 763 881 817 positive
916 764 959 804 in
996 763 1129 804 finem
1162 764 1200 804 ei
1237 764 1575 805 convenientem

161 831 423 871 reserantur:
447 830 508 871 sic
525 828 768 882 Mastrius,l
784 846 875 872 rem
895 832 1064 885 optime
1079 832 1317 883 illustrans,
1336 832 1578 886 respondet

157 899 360 940 “rationi
390 899 619 940 dissonum
654 914 748 941 esse
786 900 905 953 quod
943 900 1078 941 homo
1111 907 1216 954 agat
1249 907 1404 942 contra
1440 901 1574 941 finem

161 970 388 1024 proprium
432 969 660 1011 rationalis
711 976 948 1020 creaturae,
990 975 1124 1022 atque
1167 970 1269 1010 ideo
1311 976 1486 1010 tenetur
1527 975 1578 1011 ut

160 1038 268 1079 nihil
311 1052 508 1092 unquam
550 1038 657 1079 velit
691 1038 850 1080 rationi
892 1039 1174 1088 contrarium,
1207 1052 1297 1078 non
1339 1045 1488 1079 autem
1527 1045 1576 1080 ut

160 1121 336 1161 semper
369 1121 471 1147 suas
520 1107 718 1148 actiones
751 1141 759 1150 .
791 1137 801 1147 .
834 1107 877 1147 in
917 1107 1049 1147 finem
1099 1106 1336 1147 honestum
1385 1107 1576 1160 positive

160 1178 322 1230 dirigat
343 1191 351 1218 :
383 1178 497 1217 sicut
518 1191 543 1217 a
566 1177 659 1230 pari
682 1176 784 1218 licet
807 1177 942 1217 homo
975 1176 1018 1216 in
1043 1175 1177 1216 finem
1199 1175 1577 1228 supernaturalem

158 1248 216 1287 sit
258 1246 502 1295 ordinatus,
535 1260 624 1286 non
666 1251 901 1300 propterea
953 1251 1130 1286 tenetur
1182 1258 1357 1299 semper
1394 1250 1577 1299 propter

159 1314 283 1355 illum
326 1314 526 1368 operari:
569 1315 646 1355 sed
690 1314 851 1356 sufficit
903 1320 951 1355 ut
1003 1313 1199 1368 [quoties
1253 1313 1445 1368 speciale
1486 1327 1575 1355 non

159 1391 315 1439 urgeat
337 1391 624 1439 praeceptum
648 1385 850 1426 eliciendi
873 1391 1022 1426 actum
1046 1383 1441 1438 supernaturalem]
1465 1397 1577 1424 nun-

162 1469 297 1509 quam
321 1461 529 1508 operetur
550 1454 718 1508 aliquid
742 1454 817 1494 fini
840 1453 1165 1509 supernaturali
1188 1452 1498 1494 contrarium.”

219 1524 316 1564 621.
352 1522 556 1573 Secundo,
578 1529 626 1564 ut
650 1537 688 1564 n.
712 1524 808 1565 618.
832 1523 1000 1563 dictum
1031 1529 1109 1573 est,
1132 1522 1354 1564 Scotistae
1376 1521 1577 1562 nonnulli

162 1598 328 1646 negant
369 1591 591 1640 minorem,
630 1597 908 1632 recensentes
951 1590 1059 1630 fines
1101 1589 1321 1643 quosdam
1369 1590 1456 1642 qui,
1492 1589 1576 1630 etsi

163 1661 346 1702 omnino
387 1659 649 1713 spirituales,
685 1665 729 1700 et
771 1660 872 1700 ideo
915 1658 1118 1699 rationali
1160 1657 1355 1698 hominis
1392 1663 1577 1698 naturae

164 1729 346 1769 omnino
388 1728 651 1776 conformes
693 1735 844 1768 tamen
887 1740 976 1767 non
1027 1727 1128 1767 ideo
1181 1725 1347 1766 censeri
1388 1731 1577 1780 possunt

163 1796 329 1838 honesti
348 1810 423 1836 seu
448 1796 674 1837 moraliter
693 1796 801 1837 boni.
862 1795 965 1836 Vid.
989 1809 1136 1848 supra,
1161 1808 1200 1835 n.
1227 1804 1321 1847 594.

221 1866 318 1906 622.
355 1865 545 1905 Duobus
587 1865 721 1918 igitur
762 1865 829 1905 his
872 1865 1101 1918 principiis
1158 1864 1314 1913 innixi,
1352 1863 1575 1905 Scotistae

165 1934 412 1987 suscipiunt
457 1934 673 1974 rationem
717 1947 756 1974 n.
799 1933 896 1974 606.
939 1932 1120 1973 allatam
1163 1932 1220 1973 ad
1261 1938 1575 1985 argumentum

164 2002 519 2043 confirmandum
540 2002 721 2042 diluere.

223 2071 318 2122 623.
352 2071 532 2111 Etenim
556 2070 619 2123 (a)
644 2077 692 2110 ut
714 2084 772 2110 ex
801 2070 930 2111 dictis
959 2083 996 2110 n.
1023 2078 1114 2122 594.
1137 2069 1284 2122 colligi
1306 2075 1466 2123 potest,
1488 2082 1576 2109 non

165 2140 327 2180 desunt
368 2145 494 2179 actus
536 2138 759 2179 moraliter
800 2137 1114 2186 indifferentes,
1148 2138 1236 2191 qui,
1267 2137 1336 2178 vel
1371 2137 1416 2178 2’72
1448 2137 1583 2191 specie

167 2207 367 2261 spectati,
390 2207 643 2247 hominibus
673 2206 835 2260 proprii
873 2206 961 2246 sint
981 2220 989 2247 :
1027 2206 1189 2246 deinde
1213 2205 1270 2259 (b)
1296 2206 1339 2246 in
1363 2206 1415 2246 iis
1439 2206 1573 2246 etiam

168 2276 339 2317 actibus
381 2276 456 2328 qui
500 2276 746 2315 secundum
799 2275 993 2328 speciem
1047 2274 1302 2315 hominibus
1343 2288 1394 2315 ac
1434 2274 1575 2315 brutis

167 2358 425 2386 communes
463 2349 578 2393 sunt,
601 2343 736 2383 homo
778 2343 911 2396 plane
953 2342 1241 2396 distinguitur
1281 2357 1307 2383 a
1348 2343 1488 2384 brutis
1521 2356 1580 2383 eo

167 2414 286 2467 quod
316 2413 505 2453 lamnam>
537 2413 657 2452 moda
690 2414 751 2464 (n.
776 2411 860 2464 23.)
883 2417 1115 2465 operatur:
1148 2413 1340 2465 denique
1363 2412 1432 2466 (c),
1453 2411 1573 2465 quod

212 2536 282 2566 'ln
299 2536 371 2566 Lib.
403 2543 434 2565 2.
464 2535 726 2568 Scnlenlfarum.
757 2534 853 2575 Disp.
884 2542 914 2575 5.
944 2540 1072 2576 quaest.
1104 2535 1147 2566 vi.
1181 2545 1212 2566 n.
1244 2533 1319 2575 328.
1368 2534 1446 2565 Vid.
1473 2535 1578 2566 etiam.

171 2579 311 2617 Laloux‚
338 2580 395 2610 Tr.
413 2580 449 2610 de
465 2580 538 2610 Act.
558 2579 740 2611 Humanis.
760 2578 852 2610 Diss.
870 2586 900 2617 9.
914 2583 1042 2619 quaest.
1060 2587 1092 2617 4.
