1716 2729
185 90 264 131 142
759 79 991 120 Tractatus
1420 80 1596 130 {GURY’

177 202 270 236 erat
292 196 389 249 lege
411 195 546 236 libere
569 196 776 237 condita:
809 203 943 248 atque
965 197 1009 236 in
1033 197 1132 251 lege
1146 196 1417 250 evangelica,
1432 199 1590 238 eadem

178 265 349 305 ratione
382 265 611 305 extrinsece
644 264 810 305 malum
846 271 912 304 est
944 279 1033 319 v.g.
1071 266 1151 309 SS.
1187 266 1516 307 Eucharistiam
1548 267 1592 306 in

178 347 266 374 una
295 340 470 374 tantum
503 334 662 387 specie,
693 334 784 374 sive
815 334 943 387 panis
976 335 1068 376 sive
1100 337 1202 386 vini,
1224 350 1494 386 consecrare,
1516 344 1593 378 aut

177 417 332 444 carnes
359 403 476 443 feriis
509 403 650 444 sextis
684 403 982 454 manducare3
1015 418 1209 458 namque
1243 405 1286 445 in
1317 405 1386 445 his
1417 406 1593 447 casibus

178 485 246 512 res
268 472 505 512 inhonesta
527 486 613 512 non
639 479 705 513 est
727 473 811 512 nisi
832 481 1053 526 quatenus
1076 475 1335 516 adversatur
1357 475 1445 527 legi
1467 489 1592 528 quae,

178 541 270 581 sive
292 555 318 581 a
350 541 450 581 Deo
477 542 568 581 sive
601 541 657 581 ab
691 541 904 591 Ecclesia,
927 543 1110 583 omnino
1142 543 1270 584 libere
1301 543 1484 584 condita
1515 550 1592 585 est.

179 611 324 662 Leges
357 611 419 651 sic
441 610 558 650 latae
580 610 788 651 dicuntur
808 611 1203 663 positivae—Non
1235 612 1380 652 solent
1412 612 1594 665 quidem

178 680 272 720 TT.
312 687 404 721 tam
440 681 737 722 communiter
770 680 890 733 loqui
929 681 985 721 de
1016 682 1249 723 extrinseca
1281 682 1494 723 honestate
1516 697 1592 724 seu

177 748 395 797 bonitate,·
436 756 586 789 tamen
628 749 735 789 satis
774 750 1010 790 commode
1053 757 1202 802 potest
1244 751 1328 791 hac
1370 751 1594 792 locutione

176 817 399 870 designari
437 817 616 858 bonitas
656 831 810 858 eorum
847 832 962 871 quae
998 819 1099 859 ideo
1131 825 1308 860 tantum
1338 826 1441 861 sunt
1463 821 1593 872 bona,

176 886 310 938 quod,
340 900 477 939 quum
509 901 566 927 ex
602 900 648 927 se
677 887 766 927 sint
799 888 981 928 omnino
1014 888 1340 939 indifferentia,¹
1369 889 1595 943 legislator

178 964 255 998 aut
287 958 399 998 alius
439 959 638 1012 superior
672 972 724 999 ea
755 960 1030 1012 praeceperit
1063 967 1139 1001 aut
1167 961 1327 1001 saltem
1359 960 1591 1002 consilium

177 1027 351 1067 dederit
374 1034 423 1068 ut
445 1027 601 1068 fierent
622 1041 630 1068 :
659 1028 721 1067 sic
743 1041 828 1080 vg.
851 1028 933 1068 hac
968 1029 1138 1069 ratione
1172 1030 1398 1070 moraliter
1424 1030 1591 1070 bonum

176 1101 256 1144 est,
289 1096 365 1135 sed
403 1102 579 1136 tantum
611 1095 850 1145 extrinsece,
881 1109 1055 1137 servare
1093 1097 1316 1138 silentium
1361 1098 1405 1137 in
1439 1098 1591 1138 ordine

180 1164 404 1217 religionis
427 1164 763 1217 praescriptum.

236 1239 330 1289 376.
364 1236 514 1290 Quum
538 1236 672 1289 igitur
694 1235 864 1276 malitia
886 1250 1039 1277 eorum
1070 1250 1184 1290 quae
1217 1244 1397 1279 tantum
1430 1238 1590 1278 extrin-

173 1320 260 1346 sece
299 1306 417 1346 mala
458 1305 558 1354 sint,
590 1304 774 1345 omnino
814 1305 1008 1358 pendeat
1060 1320 1119 1346 ex
1171 1306 1310 1348 libera
1361 1307 1591 1348 voluntate

174 1374 440 1427 legislatoris
478 1387 530 1413 ea
561 1373 849 1426 prohibentis,
880 1373 1012 1426 plane
1051 1375 1252 1428 sequitur
1290 1376 1590 1429 legislatorem

174 1457 316 1496 posse,
339 1443 374 1482 si
397 1443 459 1482 ita
480 1441 600 1491 velit,
624 1441 769 1494 legem
797 1443 1127 1495 suspendendo,
1149 1445 1422 1498 abrogando,
1444 1445 1589 1485 eidem

175 1512 447 1564 derogando,
484 1516 560 1551 aut
594 1511 639 1550 in
673 1525 725 1550 ea
758 1511 1088 1565 dispensando,2
1125 1513 1296 1554 efficere
1328 1521 1377 1555 ut
1403 1528 1455 1555 ea
1476 1528 1590 1567 quae

174 1581 235 1621 sic
260 1587 435 1621 tantum
457 1579 681 1632 prohibita
702 1579 802 1630 sint,
820 1581 1003 1621 omnino
1027 1581 1147 1621 licita
1170 1583 1373 1623 evadant.
1421 1583 1589 1623 Eorum

173 1662 277 1689 vero
299 1662 414 1701 quae
437 1648 662 1688 intrinsece
693 1648 810 1688 mala
842 1656 957 1699 sunt,
994 1650 1164 1690 malitia
1199 1658 1265 1692 est
1297 1652 1588 1693 immutabilis

175 1724 219 1758 et
260 1717 580 1771 inseparabiliS‚
618 1730 745 1769 quae,
777 1731 914 1770 quum
959 1732 1017 1758 ex
1060 1719 1166 1772 ipsis
1204 1734 1348 1761 rerum
1387 1721 1588 1761 essentiis

175 1784 377 1838 profluat,
402 1798 455 1824 ne
478 1784 534 1824 ab
557 1784 653 1837 ipso
675 1785 856 1837 quidem
881 1786 980 1826 Deo
1004 1792 1152 1840 potest
1174 1788 1268 1828 tolli
1301 1795 1379 1829 aut
1412 1789 1585 1830 mutari.

234 1921 327 1964 377.
364 1911 449 1951 His
485 1911 713 1964 expositis,
747 1912 986 1953 solvendae
1023 1921 1126 1955 sunt
1158 1915 1440 1956 difficultates
1472 1929 1587 1969 quae

175 1981 319 2034 urgeri
357 1980 501 2021 solent
538 1981 747 2023 adversus
785 1983 1053 2024 sententiam
1096 1998 1133 2024 n.
1180 1993 1274 2036 371.
1318 1986 1585 2038 expositam.

175 2050 333 2102 Itaque

231 2121 328 2172 378.
363 2118 634 2169 OBJICITUR
684 2121 724 2159 1⁰
763 2120 881 2173 quod
935 2120 1111 2162 etiamsi
1166 2120 1287 2160 nulla
1339 2127 1455 2161 esset
1506 2120 1583 2162 lex

212 2290 220 2310 ¹
239 2290 294 2321 Sic
310 2301 379 2331 v.g.
400 2290 521 2328 Collet,
540 2291 582 2322 de
604 2291 644 2322 iis
667 2302 751 2333 quae
775 2297 913 2333 possunt
937 2303 1007 2324 esse
1035 2293 1186 2331 materia,
1215 2305 1272 2325 seu
1298 2294 1479 2335 objectum,
1499 2295 1583 2336 legis

168 2333 415 2374 praecipientis,
430 2334 489 2364 ait:
518 2336 540 2350 ‘⁴
557 2335 658 2366 Haud
670 2346 803 2367 necesse
821 2344 868 2367 est
888 2343 922 2367 ut
941 2336 1022 2378 legis
1038 2337 1178 2367 materia
1192 2337 1231 2368 sit
1247 2338 1423 2369 intrinsece
1434 2339 1578 2377 honesta,

170 2377 228 2408 sed
244 2377 361 2408 sufficit
378 2384 414 2408 ut
431 2378 471 2408 sit
488 2377 627 2409 honesta
644 2380 829 2416 extrinsece,
852 2380 888 2410 id
912 2385 971 2417 est,
997 2385 1031 2411 ut
1055 2381 1097 2411 ad
1122 2380 1221 2411 finem
1247 2381 1438 2417 honestum,
1454 2382 1581 2414 scilicet

169 2421 294 2451 bonum
326 2431 514 2457 commune,
543 2421 656 2452 referri
685 2423 800 2463 possit.
852 2423 944 2454 Hinc
969 2424 1022 2455 lex
1045 2423 1191 2455 humana
1216 2435 1283 2455 non
1306 2425 1415 2456 solum
1431 2426 1581 2461 virtutis,

167 2474 236 2505 vg.
253 2465 503 2505 temperantiae,
525 2468 619 2496 actus
636 2465 800 2505 imperare
817 2472 927 2507 potest
945 2468 1003 2498 sed
1025 2472 1058 2498 et
1082 2468 1187 2498 multa
1211 2468 1404 2509 praecipere
1430 2479 1514 2510 quae
1539 2469 1580 2500 de

166 2517 201 2538 se
218 2513 294 2538 sunt
312 2506 575 2548 indffzrentia.''
623 2509 690 2547 (De
703 2509 849 2550 Legibus,
871 2510 956 2551 Cap.
976 2517 1006 2551 5.
1023 2516 1085 2542 art.
1104 2511 1126 2542 i.
1146 2517 1225 2543 sect.
1243 2510 1286 2552 2.)

208 2550 285 2582 2De
301 2551 439 2583 vocibus
455 2551 509 2583 hic
526 2551 687 2584 adhibitis
704 2553 770 2584 vid.
787 2553 901 2586 Tract.
917 2553 954 2586 de
968 2554 1118 2596 Legibui.
