1716 2729
98 115 135 140 n.
154 97 209 151 7.]
514 87 564 126 de
584 79 764 124 Actibus
784 70 1021 116 Humanis.
1432 65 1452 104 3
1459 64 1481 103 7

100 211 224 262 TT„1
247 223 337 250 rem
359 205 504 259 potius
525 190 883 247 distinguendam
908 197 1001 224 esse
1023 183 1214 221 censent.
1262 173 1335 214 Sic
1357 170 1489 222 igitur

103 278 364 323 sententiam
387 283 508 314 suam
532 266 788 318 exponunt:
820 266 952 296 causa
973 261 1086 303 quae
1119 246 1163 285 in
1184 257 1225 283 se
1251 246 1317 281 est
1340 237 1490 277 volun-

103 349 226 396 taria,
247 348 393 400 potest
414 351 508 380 esse
529 335 597 375 vel
620 342 752 373 causa
773 333 854 379 per
872 336 925 370 se,
947 317 1016 359 vel
1039 326 1170 357 causa
1191 317 1272 363 per
1291 305 1492 351 accidmzs,

107 419 285 459 effectus
321 412 376 452 de
412 419 500 461 quo
536 402 707 455 agitur:
740 395 775 436 si
810 391 940 446 prius,
962 383 1182 426 sufficiunt
1204 379 1316 417 duae
1347 370 1496 413 condi-

109 487 249 526 tiones
272 494 341 520 nn.
367 487 435 528 93,
455 485 526 527 94.
551 466 801 511 recensitae,
824 460 935 500 adeo
956 467 1040 506 vg.
1065 457 1113 491 ut
1134 443 1428 488 voluntarium
1452 439 1498 478 in

111 565 237 594 causa
274 543 438 588 censeri
472 539 632 581 debeat
666 534 824 574 vulnus
860 524 1071 566 inflictum
1110 518 1165 557 ab
1200 527 1251 554 eo
1287 510 1374 563 qui,
1410 508 1500 547 sive

112 621 228 662 licite
250 621 352 668 agat
373 612 463 652 sive
486 607 646 653 illicite,
668 599 844 642 alterius
866 598 1020 648 pectus
1041 585 1191 641 gladio
1213 576 1475 622 transfodiat
1494 587 1502 622 ;

115 689 150 729 si
185 682 414 740 posteriuS,
437 677 619 717 effectus
652 671 713 710 sic
740 675 820 721 per
853 660 1043 703 accidens
1076 668 1133 694 ex
1171 650 1343 690 actione
1380 645 1421 683 in
1458 655 1504 680 se

116 751 362 798 voluntaria
392 745 612 802 profluens
644 751 732 779 non
765 733 898 775 debet
918 722 1189 769 voluntarius
1217 713 1394 761 censeri,
1425 709 1507 750 nisi

119 825 244 865 adest
264 829 439 873 quoque
462 813 535 853 illa
556 805 767 860 obligatio
790 802 844 842 de
865 811 953 852 qua
974 794 1118 846 agitur
1141 790 1182 828 in
1205 784 1335 826 tertia
1357 777 1506 821 condi-

121 893 239 932 tione
258 903 267 939 ;
297 898 409 939 quae
431 882 465 923 si
488 880 624 925 adest,
647 875 826 915 effectus
860 864 1057 920 profecto
1085 857 1219 899 debet
1239 847 1510 893 voluntarius

123 956 287 1000 censeri
310 955 352 994 in
375 965 426 992 eo
449 949 534 1002 qui,
575 939 914 997 prohibitionem
937 940 1160 984 spernens,
1181 932 1354 962 causam
1389 915 1515 970 ponit

127 1027 358 1068 advertens
380 1030 479 1060 eum
503 1027 597 1055 esse
630 1014 893 1050 secuturum,
915 1012 998 1051 vg.
1019 997 1063 1036 in
1100 993 1174 1034 illo
1210 989 1296 1043 qui,
1317 983 1517 1040 praeviso

128 1090 321 1149 periculo
370 1081 596 1126 homicidii
637 1091 695 1118 ex
745 1072 958 1114 ebrietate
1009 1064 1184 1109 orituro,
1236 1052 1519 1097 nihilominus

131 1158 372 1203 voluntarie
410 1167 456 1194 se
492 1147 712 1191 inebriat:
745 1142 810 1181 sin
847 1150 949 1178 vero
984 1145 1072 1173 non
1107 1129 1232 1170 adest
1266 1119 1520 1175 hujusmodi

134 1227 358 1281 obligatio,
398 1219 595 1275 profecto
635 1226 722 1254 non
765 1214 831 1250 est
873 1218 948 1246 cur
987 1197 1259 1242 voluntarius
1296 1194 1525 1232 censeatur

136 1298 316 1338 effectus
338 1292 409 1345 qui
434 1290 507 1336 ita,
532 1289 702 1339 praeter
733 1275 904 1330 agentis
937 1268 1239 1311 intentionem.
1264 1275 1321 1301 ex
1353 1258 1526 1299 actione

138 1363 318 1406 omnino
340 1359 458 1399 licita
479 1352 656 1408 profluit
679 1363 687 1397 3
717 1347 902 1395 ideoque
926 1341 968 1379 in
993 1335 1151 1377 scholis
1175 1330 1355 1372 effectus
1377 1324 1528 1377 hujus-

142 1431 260 1473 modi
272 1423 488 1482 permz'ssi,
509 1420 656 1474 potius
689 1427 821 1468 quam
854 1403 1102 1451 voluntarii,
1135 1399 1220 1441 dici
1243 1396 1397 1437 solent.
1459 1391 1532 1432 Sic

142 1514 238 1553 v.g.‚
260 1499 301 1538 in
341 1490 549 1544 exemplo
584 1500 624 1526 n.
647 1496 714 1537 91.
738 1481 884 1527 allato,
918 1469 1195 1526 blasphemia
1230 1461 1430 1510 mendici,
1452 1458 1533 1499 etsi

144 1567 342 1623 praevisa
363 1562 418 1603 ab
441 1572 495 1599 eo
516 1556 588 1610 qui
628 1555 957 1599 eleemosynam
991 1540 1174 1592 largitus
1212 1539 1291 1582 est,
1315 1543 1402 1570 non
1436 1527 1535 1567 ideo

145 1637 277 1678 debet
297 1626 544 1672 voluntaria
566 1625 608 1663 in
631 1635 684 1661 eo
706 1615 872 1659 censeri
893 1629 900 1653 :
933 1622 1074 1661 neque
1098 1608 1138 1646 i11
1173 1603 1271 1643 Deo
1292 1595 1541 1640 voluntaria

146 1702 308 1748 censeri
331 1698 494 1740 debent
516 1695 697 1747 peccata
718 1677 976 1729 hominum?
998 1689 1110 1730 quae
1131 1681 1294 1717 tamen,
1325 1672 1374 1706 ut
1410 1675 1543 1715 supra

140 1775 315 1816 dictum
358 1772 437 1818 est,
481 1778 505 1802 a
547 1762 646 1801 Deo
698 1752 908 1809 praevisa,
952 1761 1009 1788 ex
1053 1757 1104 1784 eo
1148 1737 1373 1793 profluunt
1423 1730 1543 1785 quod

150 1841 374 1884 hominem
392 1830 590 1876 condidit
613 1823 793 1866 arbitrio
809 1820 945 1860 libero
960 1822 1092 1866 atque
1111 1807 1311 1863 potentia
1333 1797 1546 1856 peccandi

155 1908 412 1965 praeditum.

220 1988 307 2018 loo.
340 1972 466 2025 Quae
488 1965 615 2007 tertia
647 1957 866 2001 sententia
896 1952 1077 1994 omnino
1100 1939 1412 1996 anteponenda
1432 1934 1555 1976 vide-

158 2055 254 2096 tur3
284 2042 356 2082 hie
389 2037 506 2078 enim
551 2031 696 2084 agitur
732 2027 786 2066 de
824 2022 957 2064 modo
996 2013 1217 2068 loquendi,
1243 2022 1318 2049 seu
1351 2007 1405 2046 de
1438 2015 1553 2043 asse-

162 2111 339 2168 quendo
382 2116 509 2147 sensu
551 2113 640 2153 quo
681 2094 844 2136 locutio
882 2090 967 2138 illa,
1000 2080 1295 2126 volunlarz'mn
1334 2076 1378 2114 in
1417 2082 1558 2117 causa,

163 2177 359 2223 adhiberi
381 2173 541 2215 debeat
560 2167 583 2212 :³
611 2167 810 2219 jamvero
843 2169 995 2199 sensus
1027 2165 1158 2206 quem
1196 2148 1304 2187 haec
1341 2138 1561 2183 sententia

212 2313 217 2331 ¹
244 2310 323 2341 Vid.
339 2309 469 2341 Suarez,
494 2303 549 2333 Tr.
568 2301 606 2330 de
628 2293 831 2329 Volmzlczrz'o,
852 2291 948 2330 Disp.
964 2288 986 2317 i.
999 2293 1079 2317 sect.
1095 2285 1137 2314 iv.
1151 2292 1206 2312 un.
1225 2279 1256 2316 8,
1270 2286 1310 2317 97,
1328 2275 1424 2309 Viva,
1447 2271 1563 2310 Opusc.

176 2354 284 2388 lecol.
306 2349 440 2386 Moral„
470 2355 498 2377 1.
524 2345 663 2384 Quaest.
692 2348 721 2370 1.
747 2343 809 2368 art.
835 2335 882 2365 iii.
900 2343 934 2364 n.
953 2339 990 2367 23
1016 2330 1096 2360 Ant.
1119 2326 1225 2365 Mayr,
1244 2322 1357 2352 Tract.
1375 2327 1407 2355 4.
1430 2314 1525 2354 Disp.
1540 2311 1562 2342 i.

172 2410 229 2432 nn.
249 2401 345 2433 21—7.

214 2442 227 2461 2
251 2440 291 2471 Id
317 2444 430 2468 tamen
457 2431 620 2463 affirmant
649 2423 812 2459 nonnulli,
838 2430 907 2460 vg.
935 2417 1086 2455 Artisiga,
1118 2413 1167 2442 De
1183 2411 1257 2440 Act.
1276 2407 1396 2438 Ham..
1418 2400 1516 2439 Disp.
1536 2396 1567 2427 8.

175 2495 240 2517 sec.
258 2482 303 2512 vi.
321 2491 355 2511 n.
373 2481 426 2518 :¹15-
474 2475 527 2505 De
543 2472 661 2514 quibus
677 2469 744 2499 vid.
766 2462 976 2497 Hauuoldus,
1010 2456 1175 2496 'lheologia
1201 2447 1417 2487 speculativa,
1439 2443 1516 2473 Lib.
1535 2449 1569 2470 2.

176 2530 289 2560 Tract.
308 2525 328 2554 i.
349 2522 508 2553 Controv.
528 2525 565 2556 33
592 2517 672 2544 Ant.
692 2512 798 2550 Mayr,
818 2508 931 2537 Tract.
949 2513 981 2543 4.
1000 2502 1098 2541 Disp.
1117 2500 1139 2529 i.
1158 2508 1191 2528 n.
1211 2502 1263 2533 29.

219 2569 322 2600 3Vid.
346 2568 425 2595 Ant.
446 2562 551 2600 Mayr,
570 2557 651 2588 ibid.
669 2566 702 2586 n.
722 2560 774 2592 27.
