1716 2729
104 108 145 136 n.
166 93 223 148 9.]
547 92 597 132 de
618 89 798 130 Actibus
820 88 873 128 H
872 61 1056 127 immanis.
1437 93 1489 136 57

162 218 250 261 150.
282 212 303 228 “
323 205 590 261 Quosdam,'’
634 205 695 245 ait
726 201 933 251 Laloux‚1
969 206 989 220 ‘⁶
1008 201 1220 248 novimus,
1242 200 1328 252 qui,
1353 213 1490 252 quum

100 279 290 318 sentiant
313 291 359 317 se
381 290 465 316 non
489 287 618 327 posse
639 285 718 326 pro
740 271 901 311 illicitis
919 270 1078 310 habere
1097 268 1256 308 multas
1279 269 1488 315 actiones,

101 346 144 385 in
166 345 323 398 quibus
345 342 540 384 conditio
561 341 668 380 haec
691 352 778 379 non
810 337 1067 385 verificatur,
1099 349 1190 387 vg„
1221 335 1486 375 occisionem

97 412 247 465 injusti
298 410 508 452 invasoris
554 415 597 448 et
638 408 778 448 varias
811 404 1189 446 damnificationes
1219 402 1486 454 hujusmodi,

99 481 293 521 dixerint
314 479 357 518 in
379 478 498 518 hisce
529 475 701 517 casibus
733 487 819 514 non
856 487 950 513 esse
985 470 1298 525 applicandum
1331 469 1487 522 princi-

99 549 220 600 pium
256 547 311 586 de
346 553 448 587 actu
482 544 702 597 duplicem
744 542 949 582 effectum
992 540 1183 579 habente
1225 538 1301 578 sed
1333 538 1490 577 adesse

98 615 340 667 simplicem
363 613 472 666 legis
493 611 794 652 cessationem.
836 608 1000 649 Verum
1024 607 1103 647 hos
1127 606 1318 646 monitos
1334 603 1491 644 velim:

104 687 143 722 1⁰
164 684 282 737 quod
319 697 365 723 se
397 694 553 735 parum
590 686 738 732 gratos
769 685 812 718 et
834 683 1081 718 reverentes
1118 673 1358 714 exhibeant
1387 686 1491 724 erga

99 752 142 794 S.
159 751 391 798 Thomam,
408 763 434 790 a
449 762 536 802 quo
552 747 798 788 doctrinam
811 759 935 786 suam
950 744 1145 784 hausisse
1160 755 1206 782 se
1219 741 1463 794 gloriantur
1481 753 1490 789 ;

97 833 233 874 quum
274 819 314 860 S.
354 817 562 863 Thomas,
595 816 637 855 in
668 820 764 855 tota
795 826 972 853 suorum
1002 823 1185 863 operum
1208 809 1330 857 serie,
1352 806 1491 848 semel

98 894 271 928 tantum
294 884 579 938 appellaverit
601 882 862 935 principium
881 879 1000 933 quod
1016 891 1144 919 suum
1167 877 1332 925 dicunt,
1350 875 1489 916 semel

98 962 270 995 tantum
294 968 346 994 eo
369 967 471 994 usus
493 952 634 1002 fuerit,
655 951 717 991 ad
733 949 1015 991 excusandam
1039 947 1218 999 quidem
1251 944 1491 985 occisionem

96 1024 250 1077 injusti
280 1021 554 1075 aggressoffs,
587 1033 720 1060 unam
755 1033 813 1059 ex
850 1018 934 1057 illis
972 1015 1216 1056 actionibus
1258 1026 1366 1066 quas
1407 1010 1491 1064 ipsi

100 1104 215 1131 nunc
249 1089 527 1129 excusandas
562 1087 717 1127 volunt
750 1085 973 1139 principiis
1015 1082 1191 1123 aliunde
1232 1081 1394 1134 petitis,
1431 1093 1490 1118 ex

98 1160 218 1212 legiS,
241 1166 289 1199 ut
311 1159 446 1206 aiunt,
469 1156 740 1206 cessatione;
775 1158 817 1194 2⁰
839 1154 958 1207 quod
991 1165 1139 1192 secum
1163 1151 1268 1204 ipsis
1291 1154 1491 1202 pugnent

101 1234 144 1267 et
172 1226 418 1266 evidentiae
450 1225 670 1265 resistant.
733 1223 854 1277 Quid
887 1228 954 1262 est
990 1221 1105 1261 enim
1145 1218 1304 1259 occisio
1341 1216 1491 1270 injusti

101 1295 312 1335 invasoris
352 1294 468 1333 vitae
518 1292 722 1345 propriae
771 1290 1011 1331 servandae
1063 1301 1208 1328 causa.
1272 1319 1279 1327 .
1339 1317 1346 1325 .
1409 1282 1493 1323 nisi

102 1363 218 1403 actio
241 1361 467 1417 [glandem
489 1374 575 1413 vg.
606 1374 662 1399 ex
695 1359 893 1410 sclopeto
927 1357 970 1396 in
1012 1354 1236 1395 hominem
1272 1348 1490 1404 emittere]

101 1430 352 1471 indifferens
393 1429 436 1468 in
477 1442 538 1477 se,
582 1428 616 1467 si
658 1427 956 1466 consideretur
1007 1424 1277 1463 abstractum
1329 1434 1353 1459 a
1403 1418 1493 1458 suis

104 1499 345 1546 effectibus,
379 1496 494 1536 mala
531 1502 711 1549 propter
750 1494 916 1534 malum
955 1493 1173 1539 effectum,
1207 1496 1261 1538 et,
1294 1500 1381 1528 non
1416 1486 1493 1526 ob-

105 1572 250 1607 stante
272 1565 389 1606 malo
412 1563 583 1612 effectu,
614 1563 827 1615 permissa
860 1567 904 1600 et
925 1560 1043 1599 licita
1074 1564 1252 1611 propter
1283 1554 1490 1596 effectum

106 1636 301 1675 bonurn?
365 1632 453 1674 Ubi
495 1638 642 1672 autem
685 1637 751 1670 est
782 1629 897 1670 actio
929 1625 1147 1679 ejusmodi
1181 1626 1292 1664 duos
1323 1622 1492 1662 habens

102 1702 296 1751 effectus,
317 1701 468 1749 velint,
492 1699 643 1748 nolint,
667 1710 884 1738 recurrere
907 1701 1112 1735 tenentur
1143 1694 1198 1732 ad
1231 1689 1493 1744 principium

101 1785 129 1811 a
150 1784 196 1810 se
219 1770 408 1821 positum
433 1781 512 1820 pro
533 1772 634 1807 actu
658 1765 880 1818 duplicem
910 1761 1117 1803 effectum
1149 1760 1352 1808 habente,
1374 1757 1493 1810 quod

105 1838 366 1892 principium
405 1837 516 1877 falso
551 1836 748 1876 laborare
780 1833 977 1887 profecto
1009 1832 1337 1871 demonstratur
1358 1827 1393 1866 si
1425 1825 1495 1865 vel

102 1920 187 1948 una
211 1913 266 1946 s1t
288 1906 404 1946 actio
426 1917 525 1944 cum
558 1903 723 1956 duplici
754 1901 912 1941 effectu
944 1912 1057 1952 quae
1088 1897 1207 1938 licita
1242 1896 1297 1936 sit
1329 1896 1495 1947 absque

106 1973 429 2015 conditionibus
452 1973 494 2011 in
516 1971 731 2024 principio
761 1966 1034 2009 enuntiatis”

169 2049 258 2090 151.
291 2041 449 2093 Neque
470 2046 621 2079 tamen
645 2044 711 2078 est
733 2051 808 2078 cur
830 2049 929 2076 cum
953 2041 1130 2075 auctore
1152 2034 1288 2073 citato
1319 2043 1495 2071 censea-

104 2117 176 2150 tur
196 2122 284 2149 non
306 2121 434 2162 posse
455 2107 546 2148 fieri
569 2113 617 2147 ut
639 2106 900 2159 principium
925 2106 987 2145 ita
1009 2103 1261 2144 enuntietur
1276 2107 1325 2141 ut
1341 2111 1495 2140 omnes

106 2178 286 2218 omnino
307 2190 417 2229 quos
439 2176 651 2230 respicere
673 2174 833 2215 debeat
856 2186 981 2213 casus
1004 2171 1160 2211 saltem
1184 2170 1331 2222 aliquo
1362 2167 1496 2207 modo

107 2245 436 2298 complectatur.
510 2244 687 2284 Etenim
722 2243 756 2282 si
790 2256 856 2282 res
889 2241 1067 2294 propius
1103 2239 1369 2292 inspicietur,
1406 2235 1497 2274 sive

107 2314 252 2367 agitur
272 2314 328 2354 de
348 2318 504 2366 quarta
524 2313 607 2352 hac
628 2311 894 2360 conditione,
922 2309 1012 2349 sive
1044 2309 1099 2348 de
1131 2306 1259 2346 tertia
1291 2317 1360 2344 nn.
1398 2312 1496 2352 141-

113 2392 202 2435 145.
225 2382 443 2435 exposita,
465 2382 684 2422 videbitur
713 2379 1020 2420 difficultatem
1053 2390 1110 2417 ex
1148 2389 1200 2415 eo
1236 2370 1494 2428 praesertim

386 2540 398 2571 ¹,
417 2540 523 2571 Tract.
539 2541 576 2572 de
591 2543 665 2572 Acl.
691 2537 879 2577 Humanis,
899 2538 989 2570 Diss.
1017 2536 1086 2568 viii.
1106 2536 1193 2568 Sect.
1211 2542 1240 2575 3.
