1716 2729
108 104 179 130 nn.
206 102 229 130 2
239 99 314 131 1-2
321 94 372 142 3.]
564 92 616 131 de
633 91 673 130 A
681 89 816 130 ctibns
835 90 1073 131 Humanis.
1433 103 1445 131 1
1458 103 1479 143 3
1486 102 1510 144 7

561 241 852 284 CAPUT
917 243 1058 284 III.

354 336 421 376 De
442 335 502 374 M
499 334 699 374 oralz‘tate
718 335 909 373 Acilium
931 333 987 373 H
984 347 1258 375 nmanomm.

164 435 254 475 359.
320 424 407 464 Hic
429 423 602 463 duobus
625 422 820 463 articulis
842 422 1067 475 agendum
1087 423 1167 463 erit
1195 426 1234 463 1⁰
1255 424 1311 464 de
1329 424 1510 465 essentia

103 492 365 533 moralitatis
384 506 392 532 :
417 495 460 531 2⁰
482 492 537 532 de
559 491 759 545 ejusdem
771 490 986 543 fontibus.

506 630 995 693 ARTICULUS
1059 651 1106 692 1.

437 747 502 777 DE
544 745 784 777 ESSENTIA
827 746 1178 778 MORALITATIS.

162 825 253 874 360.
288 823 818 870 Definitio—Nomine
839 823 1106 864 moralitatis
1139 829 1318 864 actuum
1351 822 1509 863 intelli-

99 892 220 944 gitur
241 891 315 931 illa
336 890 527 943 qualitas
550 905 640 944 qua
663 891 726 944 (a)
750 891 822 931 alii
846 905 904 932 ex
934 893 985 932 iis
1018 893 1350 932 constituuntur
1380 891 1510 932 laude

101 964 236 1017 digni,
272 969 427 1017 utpote
464 963 651 1014 honesti,
688 978 769 1017 vg.
812 964 960 1005 Deum
1000 965 1143 1005 colere
1161 979 1170 1015 3
1204 965 1275 1005 alii
1308 979 1411 1005 vero
1447 964 1510 1018 (b)

100 1032 223 1085 digni
245 1032 477 1085 vituperi0‚
498 1038 655 1086 utpote
687 1032 924 1081 inhonesti,
955 1047 1033 1085 vg.
1068 1032 1404 1087 blasphemare;
1436 1035 1509 1076 alii

98 1103 292 1156 denique
318 1102 376 1155 (c)
403 1115 484 1142 nec
507 1101 640 1143 laude
659 1103 781 1156 digni
805 1116 886 1142 nec
908 1102 1139 1157 vituperio,
1164 1110 1319 1157 utpote
1348 1105 1509 1158 quibus

99 1171 206 1211 nihil
230 1177 306 1212 aut
327 1171 502 1211 honesti
525 1171 639 1210 inest
662 1177 738 1212 aut
761 1170 994 1222 inhonesti,
1016 1185 1094 1224 vg.
1120 1172 1358 1223 ambulare,
1376 1173 1509 1227 loqui,

100 1239 382 1280 manducare.

160 1308 255 1358 361.
289 1306 509 1359 Theologi
532 1312 577 1346 et
598 1306 851 1360 philosophi
874 1308 917 1347 in
940 1308 1084 1348 varias
1114 1310 1356 1350 sententias
1388 1316 1432 1351 et
1464 1311 1508 1351 in

96 1375 382 1429 quaestiones
438 1374 749 1416 subtilissimas
801 1376 969 1417 abeunt
1021 1377 1077 1417 ad
1120 1378 1506 1418 determinandam

97 1444 506 1497 explicandamque
528 1443 792 1485 moralitatis
814 1446 1067 1486 essentiam.
1132 1447 1242 1486 Tres
1275 1454 1377 1487 sunt
1411 1460 1507 1487 sen-

97 1513 264 1552 tentiae
286 1512 560 1565 praecipuae.

158 1580 253 1631 362.
286 1579 447 1620 Prima
465 1586 531 1620 est
554 1593 706 1620 eorum
726 1582 800 1634 qui
819 1588 1000 1623 actuum
1020 1583 1316 1624 moralitatem
1335 1591 1508 1637 ponunt

99 1650 143 1689 in
166 1649 409 1690 eorundem
431 1650 637 1690 libertate.
701 1650 860 1691 Altera
882 1652 985 1693 huic
1007 1653 1150 1693 affinis
1183 1654 1309 1706 ponit
1330 1653 1509 1694 morali-

95 1728 235 1763 tatem
269 1723 312 1762 in
345 1728 525 1763 actuum
559 1723 900 1765 volmztarz‘etate.
969 1724 1119 1766 Tertia
1150 1727 1342 1780 denique
1365 1741 1508 1780 eaque

94 1792 290 1833 tenenda
309 1791 532 1831 sententia
554 1791 685 1831 docet
716 1792 1015 1833 moralitatem
1049 1795 1290 1836 consistere
1323 1796 1366 1835 in
1400 1810 1507 1849 qua-

94 1860 211 1910 dam,
234 1866 283 1900 ut
303 1860 440 1908 aiunt,
462 1858 716 1899 habitudine
742 1873 819 1900 seu
842 1861 1046 1902 relatione
1073 1869 1193 1903 actus
1223 1863 1287 1903 ad
1312 1865 1508 1917 regulam

93 1929 334 1981 quandam,
375 1928 488 1969 adeo
540 1935 589 1969 ut
630 1935 755 1970 actus
795 1930 883 1970 sint
925 1930 1113 1981 honesti,
1155 1931 1389 1981 inhonesti,
1430 1941 1508 1975 aut

94 1996 406 2046 indifferentes
428 2003 560 2050 prout
583 1997 762 2051 regulae
783 1997 884 2039 huic
907 1999 1157 2041 conformes
1181 2007 1258 2041 aut
1280 2000 1506 2042 difformes

93 2065 192 2106 sint.

155 2132 248 2185 363.
281 2131 429 2186 Quam
457 2133 636 2173 tertiam
669 2134 939 2175 sententiam
973 2149 1069 2176 esse
1102 2151 1265 2186 veram,
1288 2138 1351 2178 sic
1373 2138 1506 2190 plane

93 2200 290 2242 ostendit
330 2199 523 2241 Alasial:
556 2215 672 2255 quae
714 2202 831 2242 enim
875 2202 960 2252 ille,
1003 2207 1272 2246 sententiam
1314 2206 1503 2259 primam

77 2269 308 2318 ⁴refellenS,
340 2269 396 2309 de
427 2276 607 2311 actuum
644 2270 839 2312 libertate
875 2271 1063 2321 disserit,
1094 2281 1281 2326 possunt
1312 2274 1389 2315 vix
1423 2275 1504 2315 im-

93 2344 265 2379 mutata
294 2337 481 2391 intelligi
504 2339 560 2379 de
581 2345 762 2380 actuum
796 2339 1158 2390 voluntarz'etate‚·
1191 2343 1347 2382 iisdem
1371 2343 1506 2396 igitur

90 2407 362 2461 argumentis
385 2406 642 2447 refelluntur
663 2408 913 2448 sententiae
935 2409 1050 2449 duae
1072 2410 1249 2462 priores

320 2560 328 2581 ¹
351 2561 406 2592 Tr.
423 2559 459 2590 de
476 2561 550 2590 Act.
572 2559 753 2596 Humanis,
772 2560 861 2592 Diss.
886 2569 913 2592 1.
929 2572 1004 2603 cap.
1022 2573 1051 2592 v.
1070 2574 1123 2595 nn.
1143 2572 1172 2603 3,
1193 2573 1225 2602 4,
1247 2570 1274 2601 7.
