1716 2729
149 112 204 151 42
744 99 784 140 T
782 107 972 141 ractatus
1368 101 1541 156 [GURY,

150 215 334 268 alicujus
360 215 509 256 Horae
532 212 697 271 [Officii
731 216 882 256 Divini
919 214 1190 272 recitandae]
1229 218 1409 271 quando
1440 231 1542 259 con-

153 289 279 324 sueto
301 289 500 337 tempore
522 282 641 324 illam
665 297 753 324 non
776 284 942 334 recitat,
955 284 1023 325 vel
1045 285 1225 338 quando
1242 285 1337 326 aliis
1354 286 1544 339 negotiis

152 351 219 391 vel
242 351 399 392 studiis
421 351 550 392 nimis
572 358 812 404 occupatus
835 358 913 401 est,
931 353 1185 405 praevenire
1202 353 1337 393 debet
1360 354 1542 394 modum

153 419 345 472 aliquem
377 419 446 459 vel
475 420 650 473 signum
683 433 771 472 quo
803 420 1015 460 memoria
1046 421 1276 470 excitetur,
1299 427 1343 462 et
1373 427 1478 463 tunc
1507 421 1541 461 si

151 500 230 540 per
265 487 580 539 negligentiam
618 487 700 526 hoc
730 487 966 538 omitteret,
1001 494 1150 541 posset
1186 488 1247 529 illi
1279 490 1335 530 ad
1367 489 1543 543 culpam

155 552 222 609 [ut
245 555 289 594 in
310 568 439 595 causa
466 553 732 609 voluntaria]
765 555 972 608 imputari
1004 555 1360 598 oblivio.”—-Vix
1391 563 1541 599 tamen

153 636 263 676 opus
305 629 372 663 est
412 622 763 662 animadvertere
814 622 1054 663 carentiam
1105 624 1420 675 advertentiae,
1462 639 1538 667 seu

153 689 433 738 oblivionem,
471 702 524 729 ne
557 689 639 730 hac
676 690 855 743 quidem
893 690 1061 730 ratione
1092 705 1223 744 posse
1250 692 1543 734 voluntariam

152 757 261 798 effici
296 758 377 798 nisi
415 758 472 798 ob
508 758 731 811 praeviam
766 758 1081 812 cogitationem
1119 773 1207 812 qua
1238 773 1374 813 agens
1402 761 1545 815 reipsa

152 827 391 867 adverterit
422 840 468 866 se
499 839 641 879 posse,
672 826 926 879 hujusmodi
959 827 1104 868 media
1144 828 1413 878 adhibendo,
1447 843 1543 869 eam

152 907 421 946 praecavere.
500 893 634 934 Unde
687 894 918 935 Suaresius
968 909 1058 935 rem
1111 896 1173 937 sic
1223 897 1504 950 prosequitur
1519 896 1544 938 :l

151 965 332 1015 “potest
384 968 532 1002 autem
590 961 699 1002 haec
765 962 860 1015 ipsa
922 964 1106 1013 occasio,
1169 977 1244 1005 seu
1307 966 1545 1007 necessitas

151 1030 486 1083 praeventionis,
538 1028 664 1069 facile
729 1037 909 1084 propter
970 1031 1110 1072 solam
1175 1032 1543 1075 inadvertentiam

150 1097 332 1138 omitti.'’

213 1177 302 1206 111.
336 1165 541 1218 Denique
582 1168 637 1206 de
674 1166 869 1207 secunda
909 1166 991 1207 hac
1032 1167 1287 1208 conditione
1321 1167 1382 1223 (n.
1431 1170 1542 1224 104.)

149 1233 361 1273 hactenus
402 1234 619 1287 exposita,
658 1233 747 1274 duo
790 1234 967 1287 insuper
1002 1235 1398 1277 animadvertenda
1430 1244 1542 1279 sunt.

149 1299 358 1340 Primum
373 1318 389 1341 ,¹
421 1301 517 1349 etsi,
539 1307 587 1341 ut
608 1301 791 1342 effectus
812 1303 869 1342 sit
890 1302 1137 1356 culpabiliS‚
1161 1304 1267 1344 satis
1289 1310 1356 1344 est
1377 1317 1478 1345 eum
1500 1306 1546 1346 in

149 1367 320 1419 confuso
367 1369 622 1422 praevideri,
654 1369 797 1410 minor
837 1376 987 1410 tamen
1030 1370 1159 1425 culpa
1201 1377 1267 1411 est
1307 1371 1350 1411 in
1387 1386 1439 1413 eo
1472 1374 1545 1427 qui

148 1435 355 1477 effectum
378 1442 552 1477 tantum
575 1437 636 1477 sic
664 1438 901 1490 praevidet,
923 1452 1057 1491 quam
1079 1439 1122 1478 in
1146 1439 1232 1479 alio
1253 1439 1326 1492 qui
1349 1441 1540 1482 eundem

147 1504 344 1545 distincte
361 1505 616 1558 praevideat
634 1519 644 1555 ;
676 1505 838 1545 etenim
862 1506 1060 1558 profecto
1082 1507 1225 1546 minus
1263 1506 1542 1548 inhonestum

149 1579 215 1613 est
237 1587 284 1613 se
305 1573 584 1613 committere
605 1573 800 1626 periculo
823 1573 1008 1626 alicujus
1031 1574 1135 1615 mali
1158 1573 1387 1623 efficiendi,
1409 1588 1543 1628 quam

147 1639 254 1681 illud
276 1640 419 1682 facere
440 1654 498 1681 ex
520 1652 609 1692 quo
631 1640 940 1693 praevideatur
962 1641 1127 1682 malum
1150 1642 1268 1682 istud
1299 1656 1394 1683 esse
1423 1649 1544 1684 certo

147 1713 408 1748 secuturum.

209 1786 298 1816 112.
333 1774 525 1816 Secundo
545 1776 987 1818 animadvertendum
1011 1783 1078 1818 est
1108 1778 1221 1818 hanc
1243 1778 1538 1820 conditionem

146 1843 264 1884 haud
286 1844 431 1884 minus
452 1841 627 1897 requiri2
647 1844 728 1884 etsi
750 1857 894 1895 causa,
915 1845 970 1885 de
1001 1859 1088 1898 qua
1110 1852 1276 1899 agatur,
1298 1847 1353 1887 sit
1375 1847 1541 1901 aliquid

146 1925 203 1950 ex
245 1925 292 1951 se
333 1911 564 1962 illicitum;
596 1913 687 1952 sive
717 1912 832 1952 enim
866 1926 998 1953 causa
1029 1928 1087 1954 ex
1118 1928 1164 1954 se
1195 1915 1313 1955 licita
1346 1922 1411 1955 est
1451 1917 1542 1956 sive

145 1978 306 2029 illicita,
328 1980 483 2019 eodem
517 1981 651 2020 modo
677 1979 794 2020 valet
829 1981 941 2021 ratio
977 1994 1016 2021 n.
1037 1993 1103 2034 94.
1127 1983 1298 2023 tradita.
1361 1984 1433 2025 Sic
1454 1998 1540 2038 v.g.

144 2048 187 2087 in
210 2060 263 2088 eo
284 2047 358 2100 qui
381 2047 514 2087 libere
535 2061 581 2087 se
603 2048 789 2088 inebriat
809 2048 912 2089 vino
943 2050 1062 2102 quod
1084 2051 1223 2090 nescit
1244 2064 1338 2091 esse
1358 2065 1542 2093 venena·

143 2120 252 2164 tum,
292 2115 373 2155 etsi
415 2115 707 2157 voluntarium
749 2122 815 2156 est
864 2123 1094 2170 peccatum
1146 2117 1381 2169 ebrietatis,
1423 2133 1540 2160 mors

144 2191 291 2223 tamen
315 2183 416 2223 inde
438 2190 639 2224 secutura
660 2198 749 2224 non
772 2191 838 2225 est
859 2185 1117 2235 voluntaria,
1137 2187 1240 2239 quia
1261 2187 1382 2228 nullo
1404 2189 1540 2230 modo

144 2257 210 2291 est
233 2251 543 2303 praecognita;
567 2252 671 2291 item
698 2253 773 2305 qui
796 2253 868 2293 die
891 2253 1126 2293 Dominica
1147 2267 1320 2294 summo
1342 2268 1471 2297 mane
1492 2269 1539 2296 se

143 2318 340 2368 inebriat,
381 2332 467 2359 non
512 2320 771 2371 praevidens
829 2320 891 2361 sic
948 2320 1038 2361 fore
1095 2327 1142 2361 ut
1204 2322 1387 2363 Missam
1447 2337 1535 2364 non

185 2453 191 2472 ¹
211 2453 319 2483 Tract.
335 2452 371 2483 de
387 2452 559 2493 Reltgione,
577 2452 633 2483 Tr.
654 2452 698 2483 iv.
719 2453 795 2484 Lib.
813 2463 846 2489 4.
865 2464 942 2494 cap.
962 2453 1075 2484 xxviii.
1093 2464 1126 2484 n.
1144 2464 1177 2493 4.

181 2497 193 2515 ’Δ
210 2495 286 2528 vid.
306 2495 457 2534 Lacroix,
478 2495 552 2526 Lib.
568 2503 595 2526 ι.
613 2506 644 2527 n.
666 2502 738 2536 752.
756 2502 788 2527 et
804 2497 869 2528 alia
892 2496 965 2528 loca
989 2495 1073 2528 ibid.
1091 2497 1202 2529 citata.
1250 2499 1303 2530 Cf.
1323 2499 1453 2535 Suarez,
1476 2501 1533 2532 Tr.

137 2539 175 2586 df
197 2538 365 2575 Censuris,
384 2538 478 2579 Disp.
497 2547 529 2577 4.
545 2544 615 2570 sect
631 2539 712 2575 viii„
729 2549 762 2570 n.
789 2547 846 2580 13;
872 2540 1024 2577 Billuart,
1050 2540 1106 2572 Tr.
1126 2541 1165 2572 de
1186 2542 1424 2583 Temperantia,
1441 2543 1531 2575 Diss.

138 2591 182 2611 vl.
198 2589 259 2612 nrt.
282 2590 330 2613 ¹2.
