1716 2729
148 114 224 142 nn.
247 110 271 140 2
279 99 420 154 5-30.]
622 100 674 140 a'e
692 100 874 141 Actibus
893 100 1128 144 Humanis.
1481 113 1560 144 201

151 216 238 256 sint
260 216 399 265 batiae,
422 223 562 265 actus,
586 222 634 256 ut
657 216 699 255 in
723 229 827 257 casu
850 215 941 257 fere
968 217 1101 257 simili
1136 231 1174 258 n.
1210 227 1305 269 573.
1338 217 1563 272 exposit0‚

151 297 295 337 neque
317 285 461 324 bonus
483 283 649 325 censeri
674 290 836 336 potest,
852 297 997 337 neque
1019 285 1175 334 malus,
1192 287 1269 326 sed
1292 286 1562 336 indifferens,

151 352 233 392 nisi
257 353 355 406 quis
378 366 478 393 cum
503 351 750 392 Thomistis
773 359 1029 407 propugnet
1052 367 1152 394 eum
1177 353 1344 394 malum
1377 368 1473 395 esse
1504 355 1563 395 ob

153 421 370 461 rationem
396 421 563 461 ibidem
586 419 784 462 allatam.

211 499 303 542 579.
338 490 411 532 Sic
447 490 582 542 igitur
617 489 850 530 solvuntur
883 504 1012 531 casus
1052 504 1212 531 novem
1243 491 1318 544 qui
1348 491 1561 544 distingui

146 565 336 612 possunt
359 572 496 611 quum
518 556 744 609 objectum
769 565 836 598 est
861 558 1026 600 bonnm.

211 628 302 678 580.
338 627 543 679 Denique
567 628 610 677 3⁰
631 636 768 679 quum
791 626 1019 679 objectum
1050 627 1301 680 indiffi'rens
1333 634 1412 678 est,
1433 641 1561 668 casus

149 709 308 736 novem
331 696 489 736 eodem
514 695 647 735 modo
670 695 978 748 distinguendi
1002 703 1114 736 sunt.

209 765 308 815 581.
343 763 402 803 Et
439 763 621 816 quidem
667 763 727 817 (a)
772 764 808 803 si
849 763 1205 805 circumstantiae
1241 769 1284 804 et
1309 763 1428 818 finis
1457 770 1562 804 sunt

148 833 255 883 boni,
278 839 404 873 actus
427 832 559 886 plane
582 832 726 873 bonus
748 839 830 873 est.

205 904 298 953 582.
332 901 379 943 Si
425 901 484 955 (b)
526 902 877 943 circumstantiae
916 908 960 943 et
989 903 1106 957 finis
1137 908 1240 942 sunt
1260 900 1561 954 indifferentes,

141 971 330 1011 omnino
352 970 607 1011 indifferens
630 976 697 1011 θεῖ
720 977 858 1021 actus,
877 971 973 1022 nisi,
991 979 1040 1012 ut
1062 985 1195 1025 supra
1219 984 1258 1012 n.
1279 979 1372 1022 573.
1390 969 1560 1011 dictum

146 1046 226 1089 est,
249 1041 346 1093 quis
379 1054 479 1080 curn
503 1040 749 1082 Thomistis
781 1048 1036 1095 propugnet
1069 1047 1218 1080 actum
1257 1039 1358 1079 ideo
1391 1038 1557 1078 malum

139 1121 242 1148 vesse
264 1109 386 1161 quod
408 1108 544 1149 horno
566 1115 772 1149 teneatur
803 1121 905 1149 eum
939 1108 1123 1149 ulterius
1157 1106 1316 1148 referre
1347 1107 1392 1147 in
1425 1106 1558 1147 finem

147 1177 373 1217 moraliter
393 1177 577 1217 bonum.

202 1246 296 1297 583.
330 1245 377 1287 Si
418 1246 474 1298 (c)
516 1245 868 1287 circumstantiae
908 1252 952 1286 et
982 1245 1099 1300 finis
1135 1252 1238 1286 sunt
1277 1244 1396 1290 mali.
1430 1251 1557 1285 actus

134 1314 325 1355 somnino
347 1314 490 1355 malus
512 1320 591 1355 est.
653 1314 755 1355 Vid.
779 1328 816 1354 n.
840 1315 941 1367 489.

200 1383 297 1433 584.
331 1382 506 1423 Deinde
528 1384 563 1423 si
586 1397 644 1423 ex
667 1383 842 1424 duobus
869 1383 921 1423 iis
949 1382 1182 1423 elementis
1215 1395 1350 1422 unum
1385 1382 1553 1423 malum

144 1457 223 1499 est,
241 1450 428 1491 alterum
447 1465 550 1491 vero
574 1451 755 1500 bonum,
771 1457 896 1492 actus
918 1451 1064 1491 adhuc
1088 1458 1153 1491 est
1177 1451 1330 1491 malus
1374 1451 1552 1492 Etenim

144 1518 212 1570 (d)
235 1519 397 1573 sifinzs
418 1520 562 1560 malus
583 1526 662 1569 est,
685 1520 766 1560 etsi
796 1520 940 1560 bonae
971 1521 1060 1560 sint
1092 1519 1464 1567 circumstantiae,
1487 1533 1555 1560 res

138 1587 273 1637 (sicut
303 1588 346 1627 in
381 1588 512 1628 simili
545 1602 649 1629 casu
674 1601 713 1628 n.
747 1597 842 1640 575.
871 1587 1060 1642 tradito)
1095 1603 1120 1629 a
1158 1588 1340 1629 fortiore
1377 1594 1554 1629 constat

133 1671 198 1697 vex
221 1658 351 1698 dictis
373 1671 417 1700 n.
443 1667 538 1710 505.
603 1659 758 1712 Atque
789 1660 946 1699 eadem
981 1660 1153 1700 ratione
1185 1665 1364 1699 constat
1387 1659 1445 1713 (e)
1468 1660 1550 1700 etsi

141 1724 240 1766 finis
263 1726 407 1766 bonus
428 1727 497 1775 εἰῖ,
520 1727 555 1767 εἰ
579 1727 720 1767 malae
739 1734 842 1767 sunt
862 1727 1228 1768 circumstantiae.

203 1796 296 1846 585.
330 1795 373 1835 A
397 1795 576 1836 fortiore
599 1796 733 1848 igitur
754 1802 933 1836 constat
956 1803 1106 1836 actum
1125 1810 1222 1836 esse
1237 1795 1418 1846 malum,
1435 1795 1471 1836 si
1493 1809 1551 1836 ex

141 1862 316 1903 duobus
357 1863 408 1903 iis
450 1864 693 1912 elementis,
730 1878 866 1905 unum
911 1864 1079 1904 malum
1117 1870 1197 1914 est,
1230 1864 1419 1905 alterum
1462 1877 1550 1904 non

141 1934 308 1974 bonum
341 1935 418 1974 sed
458 1934 724 1975 indifferens
787 1935 879 1975 Res
914 1942 1040 1988 patet
1075 1949 1133 1975 ex
1166 1935 1260 1988 jam
1295 1935 1436 1983 dictis,
1459 1936 1552 1975 sive

141 2004 153 2048 <
161 2002 224 2054 f)
254 2003 396 2042 malas
436 2009 502 2043 est
534 2003 661 2056 finis,
702 2003 1058 2044 circumstantiae
1091 2017 1196 2044 vero
1234 2003 1551 2055 indiffercntcs‚·

139 2070 230 2109 sive
253 2068 326 2123 (g)
347 2071 462 2124 finis
483 2071 736 2124 indifferens
758 2077 837 2119 θεῖ,
858 2071 1212 2112 circumstantiae
1229 2085 1334 2112 vero
1357 2071 1507 2112 malae.

199 2138 292 2188 586.
327 2138 374 2179 Si
413 2137 476 2192 (lc)
502 2139 617 2192 finis
650 2146 717 2180 θεῖ
751 2139 895 2189 bonus,
922 2139 1003 2180 etsi
1035 2139 1329 2192 indifferentes
1350 2140 1438 2180 sint
1465 2140 1547 2181 cir-

129 2207 433 2255 cumstantiae,
469 2215 595 2249 actus
632 2209 764 2262 plane
801 2209 944 2250 bonus
980 2217 1060 2250 θεῖ.
1122 2210 1225 2251 Vid.
1257 2216 1390 2251 antea
1413 2210 1546 2260 dicta,

138 2288 178 2314 n.
202 2277 300 2326 487.

196 2345 288 2395 587.
324 2343 371 2386 Si
393 2358 497 2385 vero
521 2346 574 2397 (i)
585 2345 699 2399 finis
721 2346 972 2400 indifferens
992 2355 1071 2397 θεῖ,
1093 2349 1175 2389 etsi
1197 2348 1550 2390 circumstantiae

135 2412 224 2452 sint
246 2411 384 2461 bonae,
406 2419 543 2462 actus,
568 2420 617 2454 ut
639 2414 683 2455 in
706 2415 883 2456 casibus
906 2430 974 2455 nn.
1004 2426 1100 2468 573.
1124 2423 1168 2457 θῖ
1193 2418 1287 2468 578.
1314 2417 1546 2470 expositis,

136 2494 279 2533 neque
301 2481 444 2520 bonus
467 2488 533 2521 est
555 2484 815 2533 censendus,
832 2497 976 2537 neque
999 2485 1155 2534 malus,
1171 2486 1248 2525 sed
1274 2484 1543 2534 indifferens,

135 2548 216 2588 nisi
239 2548 336 2601 quis
359 2562 459 2589 cum
485 2549 731 2591 Thomistis
753 2559 1006 2605 propugnet
1029 2566 1129 2593 eum
1156 2553 1323 2593 malum
1357 2567 1455 2595 esse
1485 2554 1544 2594 ob

125 2616 346 2657 rationem
374 2616 543 2658 ibidem
567 2624 876 2660 memoratam.
