1716 2729
100 95 145 123 n.
168 79 225 136 5.]
554 77 606 116 de
625 71 805 114 Actibus
826 69 1064 111 Humanis.
1446 71 1499 113 27

103 197 248 249 reipsa
268 194 429 234 virtute
450 190 511 232 sic
535 185 906 243 perseveretadeo
932 189 980 224 ut
1013 196 1064 223 ea
1080 194 1193 233 quae
1215 178 1375 219 deinde
1393 176 1502 217 fiant

103 263 347 305 virtualiter
366 257 614 302 voluntaria
636 254 801 296 censeri
826 252 1008 306 possint.

164 333 230 372 81.
261 331 468 383 Jamvero
499 326 609 374 TT.,
631 321 929 377 quantumvis,
960 323 1008 358 ut
1038 316 1132 369 jam
1165 313 1369 360 vidimus,
1392 312 1506 352 inter

108 414 154 439 se
175 397 440 439 dissentiunt
462 395 505 434 in
528 390 797 445 exponenda
815 387 947 440 hujus
968 384 1143 426 virtutis
1165 386 1334 428 natura,
1356 385 1506 419 tamen

108 467 300 514 omnino,
324 471 372 505 ut
401 462 588 509 videtur,
611 457 893 500 consentiunt
914 454 971 495 de
1003 450 1154 504 regula
1174 449 1245 488 hic
1277 446 1505 487 tradenda.

111 535 185 575 Ex
207 531 429 575 communi
451 530 584 583 igitur
605 527 697 568 TT.
720 523 940 566 sententia
957 518 1245 562 statuendum
1268 521 1335 555 est
1355 514 1510 554 volun-

111 603 270 644 tarium
292 614 368 641 seu
400 597 691 639 intentionem
724 593 844 647 prius
875 590 1068 630 elicitam
1097 584 1267 627 tamdiu
1306 581 1505 630 influere,

113 668 324 723 quamdiu
356 679 504 719 agens,
525 664 590 704 sui
622 674 816 714 compos,
839 665 883 699 et
913 657 1109 697 humano
1142 652 1277 693 modo
1309 661 1510 702 operanS,

114 738 195 779 etsi
227 735 334 776 nihil
365 735 420 775 de
452 732 696 773 intentione
734 729 877 782 priore
909 725 1089 777 cogitet,
1113 728 1264 762 tamen
1298 719 1354 757 sit
1386 717 1429 757 in
1463 729 1515 755 ea

116 805 251 847 animi
272 801 561 856 dispositione
584 805 633 839 ut
649 797 878 838 reflectens
895 806 1028 845 supra
1042 804 1100 840 se,
1115 789 1185 829 vel
1203 789 1514 838 interrogatus,

117 872 223 926 quid
245 877 321 912 aut
341 882 477 924 quare
506 872 622 921 agat,
645 865 796 906 statim
819 862 982 915 alleget
1012 871 1138 900 suam
1161 856 1350 910 priorem
1373 854 1516 892 inten-

117 941 286 981 tionem
308 944 352 978 et
373 935 653 990 respondeat,
677 936 699 952 “
717 932 818 972 Hoc
841 930 954 971 facio
975 933 1155 982 propter
1177 919 1338 964 illud.”l
1401 921 1516 960 Rem

120 1008 340 1049 illustrant
361 1003 571 1058 exempla
593 1017 635 1042 n.
657 1003 723 1042 68.
746 999 920 1040 tradita.

180 1078 246 1117 82.
277 1075 382 1115 Non
404 1079 555 1114 tamen
588 1069 858 1111 censendum
883 1071 949 1106 est
980 1061 1223 1104 voluntatis
1254 1065 1416 1106 actum,
1438 1055 1519 1095 etsi

123 1145 199 1186 diu
235 1144 296 1184 sic
337 1143 498 1183 virtute
534 1142 794 1193 perseveret,
825 1134 889 1188 (a)
927 1134 970 1173 in
1006 1130 1156 1172 omnia
1184 1127 1356 1181 agentis
1389 1137 1524 1177 opera

125 1212 318 1260 influere,
338 1223 482 1262 neque
504 1208 567 1261 (b)
591 1208 634 1247 in
658 1220 710 1246 ea
730 1203 879 1245 omnia
902 1214 1014 1254 quae
1036 1199 1146 1239 fiant
1168 1195 1422 1242 deliberate,
1445 1192 1523 1232 sed

127 1286 302 1322 tantum
326 1278 380 1329 (c)
403 1278 444 1316 in
468 1290 521 1316 ea
551 1288 664 1328 quae
687 1271 905 1326 ejusmodi
929 1270 1016 1309 sint
1047 1274 1096 1307 ut
1117 1266 1289 1319 possint
1311 1262 1458 1303 referri
1481 1261 1524 1300 in

129 1349 261 1389 finem
298 1358 430 1399 quem
465 1356 602 1396 agens
640 1341 782 1394 priore
817 1352 894 1378 sua
930 1336 1174 1376 intentione
1209 1330 1369 1373 actuali
1412 1342 1527 1369 asse-

130 1415 357 1470 quendum
391 1411 474 1452 sibi
516 1407 807 1464 proposuerit.
871 1403 944 1446 Sic
979 1417 1059 1456 vg.
1096 1400 1299 1454 quamvis
1341 1396 1528 1437 intentio

132 1482 323 1524 adeundi
356 1480 548 1520 Romam
579 1477 742 1518 virtute
773 1477 1003 1529 permanet
1035 1471 1078 1510 in
1101 1483 1153 1509 eo
1186 1467 1259 1521 qui
1290 1466 1408 1506 viam
1431 1464 1535 1503 ideo

133 1563 333 1604 agressus
367 1553 445 1596 est,
478 1546 590 1586 adeo
626 1549 675 1585 ut
715 1549 859 1583 totum
896 1541 979 1581 iter
1019 1537 1159 1592 possit
1197 1536 1360 1576 virtute
1400 1530 1531 1583 hujus

134 1616 391 1659 intentionis
423 1613 582 1667 perfici,
605 1618 755 1653 tamen
788 1611 822 1650 si
855 1609 912 1649 ob
944 1607 1138 1659 aliquam
1170 1603 1385 1644 rationem
1418 1613 1443 1640 a
1463 1599 1534 1638 via

136 1686 357 1732 deflectat,
376 1696 456 1735 vg.
488 1687 537 1722 ut
570 1680 702 1721 aliam
738 1678 893 1718 urbem
931 1676 1105 1722 invisat,
1136 1673 1180 1713 id
1219 1683 1324 1711 sane
1364 1681 1453 1708 non
1486 1665 1537 1706 fit

137 1756 298 1796 virtute
320 1749 576 1792 intentionis
600 1749 792 1788 Romam
816 1744 1024 1792 adeundi,
1048 1741 1230 1782 omnino
1248 1744 1397 1779 autem
1413 1748 1537 1789 prae-

139 1830 206 1864 ter
228 1818 379 1862 illam.2
445 1818 535 1858 Res
566 1817 744 1868 insuper
774 1813 980 1854 illustrari
1013 1814 1162 1864 potest
1193 1807 1289 1848 aliis
1321 1802 1539 1856 exemplis

142 1903 275 1943 supra
297 1895 354 1941 (n.
377 1887 452 1940 68)
474 1885 658 1925 traditis.

203 1960 271 2009 83.
304 1956 538 2010 Quaedam
581 1953 772 2004 denique
814 1948 1014 1989 notanda
1055 1950 1158 1985 sunt
1199 1944 1254 1984 de
1294 1938 1544 1981 voluntario

145 2023 479 2077 interpretativo,
501 2022 621 2074 quod
654 2034 680 2060 a
711 2018 804 2059 TT.
827 2015 1095 2070 quibusdam
1127 2012 1198 2052 hic
1230 2008 1467 2064 apponitur
1497 2010 1545 2044 ut

147 2100 353 2149 quartum
377 2091 627 2132 membrum
650 2085 876 2128 divisionis
898 2098 939 2124 n.
961 2084 1030 2134 67.
1053 2081 1256 2122 traditae.
1334 2076 1548 2127 Interpre-

149 2163 334 2204 tativum
356 2160 489 2213 igitur
510 2159 539 2198 ii
562 2156 814 2207 intelligunt
831 2150 1129 2193 voluntarium
1145 2146 1263 2200 quod
1287 2144 1386 2198 quis
1407 2141 1549 2192 reipsa

150 2244 239 2272 non
261 2229 409 2277 habet,
432 2239 575 2279 neque
597 2231 712 2272 actu,
735 2234 881 2275 neque
901 2221 1075 2267 virtute,
1092 2229 1236 2268 neque
1257 2212 1426 2258 habitu,
1451 2219 1549 2260 pru-

152 2299 308 2338 denter
328 2302 477 2335 tamen
511 2290 804 2345 praesumitur
834 2286 1062 2327 habiturus
1084 2283 1119 2322 si
1143 2281 1429 2334 cognosceret
1460 2285 1550 2312 rem

154 2367 211 2406 de
233 2377 323 2416 qua
354 2362 512 2414 agitur,
537 2366 613 2400 aut
644 2358 678 2398 si
701 2358 758 2397 de
779 2369 831 2396 ea
862 2354 1076 2407 cogitaret
1095 2366 1104 2391 ε
1137 2350 1198 2389 sic
1219 2359 1303 2399 v.g.
1326 2341 1557 2394 religiosus

1364 2426 1539 2437 “d—,³-

166 2448 872 2470 kss———ffi—-o

394 2495 496 2525 ¹Vid.
514 2493 664 2525 Billuart.
690 2493 744 2523 Tr.
764 2491 800 2522 de
823 2490 944 2523 Ultimo
960 2487 1054 2521 Fine,
1076 2484 1166 2515 Diss.
1185 2483 1208 2512 i.
1226 2484 1289 2512 art.
1309 2484 1339 2519 5.

397 2538 499 2568 ²Vid.
519 2537 671 2567 Billuart.
720 2535 804 2565 Ibia.
