1716 2729
119 102 163 129 n.
195 87 278 143 14]
544 87 595 127 de
613 86 796 127 Actibus
817 85 1055 126 Humanis.
1444 100 1519 142 105

178 203 270 256 267.
305 200 639 257 Principium
656 200 1045 254 IL-Jgnorantia
1076 202 1339 245 invincibilis
1363 205 1530 257 prioris

113 273 284 325 generis
305 286 346 312 n.
371 280 463 323 252.
485 269 664 322 expositi
684 269 980 309 voluntarium
1003 270 1177 310 omnino
1198 273 1320 312 tollit.

177 340 273 381 268.
307 340 464 392 Neque
497 338 614 378 enirn
650 337 858 378 voluntas
896 338 1063 378 censeri
1096 345 1246 390 potest
1277 341 1367 381 ullo
1391 343 1528 383 modo

117 408 365 449 consentire
387 408 430 446 in
453 420 505 446 ea
537 419 725 459 quorum
759 406 880 446 nulla
912 407 1127 458 cogitatio
1161 421 1304 460 neque
1337 411 1530 463 suspicio

116 477 160 517 in
185 482 378 517 mentem
402 475 532 515 venit.
598 474 711 514 Rem
735 475 842 516 satis
874 475 1066 516 illustrat
1099 477 1358 530 exemplum
1396 492 1530 531 supra

117 544 178 597 (n.
200 557 266 596 42.
292 544 470 585 Resolv.
501 544 569 596 1⁰.)
600 545 829 585 traditum.

176 614 268 666 269.
303 613 518 654 COROLL.
548 616 608 652 1¹³².
642 612 823 665 [deoque
841 613 1054 665 ejusmodi
1074 613 1327 665 tgnomntz'a
1358 615 1530 656 omnino

113 688 285 722 excusat
302 695 330 721 a
350 681 636 733 culpa—Res
659 687 783 734 patet
806 694 864 721 ex
887 681 1099 722 terminis.

175 760 267 802 270.
305 750 392 790 Hic
435 750 623 791 fortasse
664 750 772 790 utile
814 756 880 789 est
924 756 1077 790 notare
1120 751 1400 792 corollarium
1445 753 1529 793 hoc

116 818 297 859 minime
338 819 560 859 adversari
604 818 782 871 regulae
827 818 937 870 juris
987 820 1216 865 canonici:
1267 820 1528 873 Ignorantia

101 886 233 937 facti,
254 887 478 940 nonjurz's,
496 894 668 927 excusat
686 887 816 940 (Reg.
848 898 907 938 13.
932 887 974 926 in
999 888 1060 937 6.)
1084 902 1092 939 3
1113 888 1221 929 haec
1245 890 1360 929 enim
1378 890 1529 943 regula

115 968 203 994 non
225 955 403 1008 respicit
425 955 569 996 forum
599 955 907 1004 conscientiae,
930 955 986 994 de
1008 969 1097 1008 quo
1120 970 1266 996 sermo
1288 965 1355 997 est
1378 959 1420 998 in
1445 958 1529 999 hoc

114 1022 341 1074 Tractatu,
376 1024 453 1064 sed
487 1024 630 1064 forum
664 1030 839 1064 tantum
873 1032 1122 1073 externum,
1145 1025 1188 1064 in
1216 1040 1304 1079 quo
1333 1027 1528 1079 quidem,

115 1104 170 1131 ne
204 1092 326 1145 leges
363 1093 545 1145 impune
576 1093 810 1142 violentur,
843 1093 1095 1145 ignorantia
1122 1093 1232 1146 juris
1268 1108 1355 1135 non
1392 1109 1528 1148 agno-

116 1161 252 1201 scitur
274 1167 322 1202 ut
345 1175 477 1202 causa
500 1175 720 1202 excusans
742 1176 767 1202 a
790 1161 944 1214 poenis
978 1162 1265 1203 incurrendis.
1331 1162 1529 1204 Omnino

114 1229 272 1269 eadem
310 1236 376 1270 est
412 1230 563 1282 regula
602 1229 709 1282 juris
746 1230 897 1279 civilis,
931 1236 1066 1282 atque
1091 1230 1201 1283 juris
1226 1232 1361 1271 nostri
1387 1232 1527 1272 muni-

113 1296 303 1350 cipaliS.¹

177 1375 270 1416 271.
304 1365 520 1407 COROLL.
545 1369 607 1407 2¹¹¹.
641 1366 763 1406 Haec
784 1366 1063 1419 z'ntellzgenda
1083 1374 1185 1407 smzt
1205 1368 1256 1407 de
1276 1367 1527 1420 zgnorcmtz'a

115 1434 245 1473 etiam
283 1435 868 1475 concomitante—Etenim
913 1435 1166 1487 ignorantia
1206 1436 1350 1489 priore
1391 1437 1528 1477 modo

115 1501 393 1551 invincibilis,
434 1503 607 1543 etiamsi
647 1504 703 1543 sit
746 1503 1031 1544 concomitans
1083 1503 1144 1556 (n.
1199 1506 1333 1557 241.),
1376 1511 1528 1545 tamen

113 1571 298 1612 omnino
335 1571 485 1611 obstat
522 1573 760 1625 quominus
797 1572 914 1612 adsit
948 1573 1225 1612 aclvertentia
1262 1573 1322 1613 rei
1355 1574 1411 1614 de
1440 1587 1529 1627 qua

116 1645 289 1693 agatur.
355 1638 428 1680 Sic
462 1653 543 1692 vg.
579 1640 614 1679 si
646 1645 841 1685 venator,
875 1641 1039 1693 sagitta
1076 1641 1118 1680 in
1152 1641 1288 1681 feram
1313 1642 1528 1695 conjecta,

115 1708 279 1749 occidit
314 1707 542 1748 hominem
581 1709 695 1749 inter
738 1709 922 1748 dumeta
964 1708 1190 1759 latentem,
1232 1723 1362 1763 quem
1408 1711 1529 1751 nullo

117 1776 253 1816 modo
288 1777 499 1829 suspicari
537 1777 682 1830 potuit
718 1777 824 1817 inibi
858 1777 1016 1830 jacere,
1050 1778 1351 1828 homicidium,
1389 1785 1437 1819 ut
1470 1793 1529 1819 ex

117 1846 330 1886 hactenus
367 1846 497 1886 dictis
538 1852 675 1900 patet,
713 1846 1056 1888 involuntarium
1096 1854 1188 1897 est;
1222 1862 1365 1902 neque
1397 1849 1529 1890 refert

117 1913 240 1954 illum
293 1914 367 1966 qui
409 1914 579 1955 occisus
637 1915 692 1955 sit
734 1915 961 1955 inimicum
1014 1930 1124 1966 esse,
1169 1930 1301 1969 quem
1344 1924 1530 1957 venator

116 1982 318 2023 occidere
352 1981 486 2023 vellet
506 1983 541 2022 si
575 1990 862 2036 cognosceret
894 1998 994 2024 eum
1028 1986 1194 2025 adesse.
1259 1985 1454 2034 Etenim,
1480 1991 1528 2025 ut

162 2124 406 2166 “‘Ignorance
438 2136 476 2156 or
504 2126 647 2158 mistake
672 2127 699 2157 is
733 2127 871 2158 another
896 2128 1006 2160 defect
1028 2130 1061 2160 oi
1085 2129 1152 2160 will
1203 2154 1210 2160 .
1259 2154 1266 2162 .
1320 2154 1326 2160 .
1375 2131 1439 2161 But
1461 2130 1527 2161 this

118 2175 206 2199 must
223 2169 265 2199 be
281 2179 324 2199 an
340 2168 519 2209 ignoranee
536 2181 573 2200 or
588 2171 731 2201 mistake
748 2171 873 2210 infant,
893 2172 959 2202 and
976 2178 1034 2203 not
1051 2183 1091 2203 an
1117 2183 1207 2204 error
1223 2173 1257 2204 iu
1274 2174 1368 2215 point
1393 2174 1430 2204 of
1447 2174 1526 2204 law-

119 2213 167 2242 As
183 2211 212 2242 if
225 2222 244 2242 a
261 2222 349 2249 man,
370 2212 545 2254 intending
561 2218 595 2244 to
612 2214 673 2244 kiil
693 2225 711 2244 a
729 2214 813 2245 thies
827 2226 863 2245 or
880 2215 1128 2247 housebreaker
1144 2217 1177 2247 in
1195 2217 1246 2248 his
1263 2228 1337 2248 own
1355 2217 1472 2254 house,
1485 2217 1530 2257 by

120 2255 265 2286 mistake
291 2255 370 2286 kills
399 2266 462 2288 one
490 2256 527 2287 of
547 2257 598 2288 his
627 2258 754 2298 family,
774 2258 839 2288 this
863 2259 890 2288 is
913 2269 957 2290 no
974 2259 1126 2290 criminal
1143 2261 1275 2292 action:
1302 2261 1361 2292 but
1376 2260 1435 2291 ifa
1451 2270 1530 2291 man

119 2299 234 2330 thinks
249 2298 292 2329 he
310 2298 351 2329 he
367 2298 426 2329 has
450 2310 469 2329 a
493 2300 581 2340 right
602 2307 636 2332 to
661 2301 721 2331 kill
751 2312 770 2332 a
797 2312 916 2342 person
944 2304 1254 2335 excommunicated
1284 2314 1321 2334 or
1347 2304 1526 2341 outlawed,

119 2342 289 2373 wherever
306 2342 347 2373 he
364 2348 469 2373 meets
485 2343 567 2381 him,
583 2345 649 2375 and
666 2345 747 2375 does
763 2355 812 2383 so,
831 2346 897 2376 this
911 2346 938 2376 is
951 2346 1055 2377 wilsul
1073 2348 1217 2378 murder.
1266 2348 1333 2378 For
1349 2358 1368 2377 a
1386 2347 1530 2378 mistake

119 2385 153 2416 in
181 2385 276 2427 point
304 2385 341 2416 of
368 2385 443 2423 law,
470 2387 579 2418 which
608 2398 708 2428 every
734 2399 854 2429 person
882 2389 920 2420 of
936 2390 1116 2421 discretion
1141 2397 1198 2421 not
1224 2391 1302 2430 only
1318 2401 1405 2431 may,
1425 2391 1484 2421 but
1501 2391 1529 2421 is

118 2429 234 2460 bound
258 2429 325 2459 and
352 2430 529 2469 presumed
557 2437 591 2461 to
616 2431 727 2467 know,
757 2432 783 2463 is
811 2432 845 2463 in
873 2433 1024 2464 criminal
1049 2444 1141 2465 cases
1165 2445 1208 2464 no
1233 2441 1300 2464 sort
1316 2433 1353 2464 of
1374 2434 1525 2465 defence.

121 2473 130 2487 ⁵
143 2473 341 2513 Ignorantia
347 2472 454 2513 juris,
466 2474 693 2516 quodquisque
707 2476 932 2512 teneturscz're,
945 2478 1107 2508 neminem
1120 2476 1276 2513 excussus
1287 2478 1314 2508 is
1330 2487 1365 2508 as
1382 2477 1457 2508 well
1471 2477 1528 2508 the

119 2516 244 2547 maxim
260 2515 298 2547 of
309 2526 369 2546 our
384 2526 460 2546 own
479 2516 543 2547 law
560 2527 595 2548 as
611 2517 637 2548 it
653 2529 720 2550 was
734 2519 771 2549 of
783 2519 839 2550 the
857 2520 1000 2551 Roman.
1011 2519 1027 2533 ’²
1074 2519 1289 2558 Blackstone,
1321 2521 1526 2552 Commenta-

120 2559 185 2590 rz'es
215 2570 256 2590 on
272 2559 326 2590 tlte
338 2559 437 2590 Laws
451 2560 671 2601 qungland.
722 2562 796 2593 Lib.
812 2572 844 2602 4,
864 2573 938 2604 cap.
956 2563 991 2594 ii.
