<?xml version="1.0" encoding="UTF-8"?>
<!DOCTYPE html PUBLIC "-//W3C//DTD XHTML 1.0 Transitional//EN"
    "http://www.w3.org/TR/xhtml1/DTD/xhtml1-transitional.dtd">
<html xmlns="http://www.w3.org/1999/xhtml" xml:lang="en" lang="en">
 <head>
  <title>
</title>
<meta http-equiv="Content-Type" content="text/html;charset=utf-8" />
  <meta name='ocr-system' content='tesseract 3.04.00' />
  <meta name='ocr-capabilities' content='ocr_page ocr_carea ocr_par ocr_line ocrx_word'/>
</head>
<body>
  <div class='ocr_page' id='page_1' title='image "./tractatusdeactib00wals_0213.png"; bbox 0 0 1716 2729; ppageno 0'>
   <div class='ocr_carea' id='block_1_1' title="bbox 151 60 1560 117">
    <p class='ocr_par' dir='ltr' id='par_1_1' title="bbox 151 60 1560 117">
     <span class='ocr_line' id='line_1_1' title="bbox 151 60 1560 117; baseline 0.001 -15"><span class='ocrx_word' id='word_1_1' title='bbox 151 69 197 103; x_wconf 77' lang='lat' dir='ltr'>n.</span> <span class='ocrx_word' id='word_1_2' title='bbox 223 61 311 117; x_wconf 70' lang='lat'>30.]</span> <span class='ocrx_word' id='word_1_3' title='bbox 595 62 648 103; x_wconf 81' lang='lat' dir='ltr'>de</span> <span class='ocrx_word' id='word_1_4' title='bbox 665 62 848 103; x_wconf 82' lang='lat' dir='ltr'>Actibus</span> <span class='ocrx_word' id='word_1_5' title='bbox 868 60 1107 104; x_wconf 72' lang='lat' dir='ltr'>Humanis.</span> <span class='ocrx_word' id='word_1_6' title='bbox 1482 73 1560 116; x_wconf 82' lang='lat'>197</span> 
     </span>
    </p>
   </div>
   <div class='ocr_carea' id='block_1_2' title="bbox 148 170 1583 2167">
    <p class='ocr_par' dir='ltr' id='par_1_2' title="bbox 152 170 1560 299">
     <span class='ocr_line' id='line_1_2' title="bbox 152 170 1560 231; baseline 0.001 -14"><span class='ocrx_word' id='word_1_7' title='bbox 152 177 462 219; x_wconf 83' lang='lat' dir='ltr'>difficultatem</span> <span class='ocrx_word' id='word_1_8' title='bbox 522 170 637 231; x_wconf 85' lang='lat' dir='ltr'>quae</span> <span class='ocrx_word' id='word_1_9' title='bbox 688 177 883 230; x_wconf 87' lang='lat' dir='ltr'>alioquin</span> <span class='ocrx_word' id='word_1_10' title='bbox 937 183 1085 218; x_wconf 88' lang='lat' dir='ltr'>actum</span> <span class='ocrx_word' id='word_1_11' title='bbox 1149 178 1396 231; x_wconf 88' lang='lat' dir='ltr'>impediret.</span> <span class='ocrx_word' id='word_1_12' title='bbox 1490 179 1560 219; x_wconf 85' lang='lat' dir='ltr'>Ita</span> 
     </span>
     <span class='ocr_line' id='line_1_3' title="bbox 158 240 474 299; baseline 0.003 -12"><span class='ocrx_word' id='word_1_13' title='bbox 158 246 388 299; x_wconf 83' lang='lat' dir='ltr'>Esparza.1</span> <span class='ocrx_word' id='word_1_14' title='bbox 472 240 474 242; x_wconf 17' lang='lat' dir='ltr'>V</span> 
     </span>
    </p>

    <p class='ocr_par' dir='ltr' id='par_1_3' title="bbox 148 315 1572 973">
     <span class='ocr_line' id='line_1_4' title="bbox 217 315 1561 369; baseline 0 -12"><span class='ocrx_word' id='word_1_15' title='bbox 217 324 310 367; x_wconf 84' lang='lat'>559.</span> <span class='ocrx_word' id='word_1_16' title='bbox 344 316 414 356; x_wconf 93' lang='lat' dir='ltr'>De</span> <span class='ocrx_word' id='word_1_17' title='bbox 446 315 605 369; x_wconf 87' lang='lat' dir='ltr'>quibus</span> <span class='ocrx_word' id='word_1_18' title='bbox 647 315 827 369; x_wconf 79' lang='lat' dir='ltr'><strong>insuper</strong></span> <span class='ocrx_word' id='word_1_19' title='bbox 860 317 1107 356; x_wconf 89' lang='lat' dir='ltr'>notandum</span> <span class='ocrx_word' id='word_1_20' title='bbox 1144 323 1210 357; x_wconf 88' lang='lat' dir='ltr'>est</span> <span class='ocrx_word' id='word_1_21' title='bbox 1259 322 1299 357; x_wconf 90' lang='lat'>1⁰</span> <span class='ocrx_word' id='word_1_22' title='bbox 1341 317 1561 369; x_wconf 85' lang='lat' dir='ltr'>ejusmodi</span> 
     </span>
     <span class='ocr_line' id='line_1_5' title="bbox 152 384 1565 437; baseline 0.001 -13"><span class='ocrx_word' id='word_1_23' title='bbox 152 384 525 437; x_wconf 86' lang='lat' dir='ltr'>complacentiam</span> <span class='ocrx_word' id='word_1_24' title='bbox 546 397 679 437; x_wconf 91' lang='lat' dir='ltr'>posse</span> <span class='ocrx_word' id='word_1_25' title='bbox 715 384 777 424; x_wconf 89' lang='lat' dir='ltr'>ita</span> <span class='ocrx_word' id='word_1_26' title='bbox 798 384 949 424; x_wconf 86' lang='lat' dir='ltr'>animo</span> <span class='ocrx_word' id='word_1_27' title='bbox 985 384 1140 434; x_wconf 90' lang='lat' dir='ltr'>inesse,</span> <span class='ocrx_word' id='word_1_28' title='bbox 1162 390 1295 437; x_wconf 87' lang='lat' dir='ltr'>atque</span> <span class='ocrx_word' id='word_1_29' title='bbox 1318 387 1454 426; x_wconf 90' lang='lat' dir='ltr'>modo</span> <span class='ocrx_word' id='word_1_30' title='bbox 1486 400 1565 426; x_wconf 84' lang='lat' dir='ltr'>ex-</span> 
     </span>
     <span class='ocr_line' id='line_1_6' title="bbox 157 454 1563 508; baseline 0.002 -13"><span class='ocrx_word' id='word_1_31' title='bbox 157 455 304 508; x_wconf 88' lang='lat' dir='ltr'>posito</span> <span class='ocrx_word' id='word_1_32' title='bbox 326 455 369 495; x_wconf 89' lang='lat' dir='ltr'>in</span> <span class='ocrx_word' id='word_1_33' title='bbox 392 468 504 508; x_wconf 87' lang='lat' dir='ltr'>opus</span> <span class='ocrx_word' id='word_1_34' title='bbox 536 454 729 502; x_wconf 85' lang='lat' dir='ltr'>influere,</span> <span class='ocrx_word' id='word_1_35' title='bbox 753 455 835 494; x_wconf 92' lang='lat' dir='ltr'>etsi</span> <span class='ocrx_word' id='word_1_36' title='bbox 868 454 1152 496; x_wconf 82' lang='lat' dir='ltr'>solummodo</span> <span class='ocrx_word' id='word_1_37' title='bbox 1180 469 1258 508; x_wconf 90' lang='lat' dir='ltr'>per</span> <span class='ocrx_word' id='word_1_38' title='bbox 1289 456 1563 498; x_wconf 89' lang='lat' dir='ltr'>intellectum</span> 
     </span>
     <span class='ocr_line' id='line_1_7' title="bbox 154 511 1565 576; baseline 0.001 -13"><span class='ocrx_word' id='word_1_39' title='bbox 154 523 529 576; x_wconf 79' lang='lat' dir='ltr'>apprehendatur,</span> <span class='ocrx_word' id='word_1_40' title='bbox 553 536 698 575; x_wconf 88' lang='lat' dir='ltr'>neque</span> <span class='ocrx_word' id='word_1_41' title='bbox 732 522 846 563; x_wconf 89' lang='lat' dir='ltr'>ullus</span> <span class='ocrx_word' id='word_1_42' title='bbox 882 511 999 563; x_wconf 89' lang='lat' dir='ltr'>circa</span> <span class='ocrx_word' id='word_1_43' title='bbox 1030 537 1128 563; x_wconf 89' lang='lat' dir='ltr'>eam</span> <span class='ocrx_word' id='word_1_44' title='bbox 1166 523 1365 565; x_wconf 82' lang='lat' dir='ltr'>eliciatur</span> <span class='ocrx_word' id='word_1_45' title='bbox 1400 525 1565 565; x_wconf 90' lang='lat' dir='ltr'>delibe-</span> 
     </span>
     <span class='ocr_line' id='line_1_8' title="bbox 156 589 1565 644; baseline 0.001 -13"><span class='ocrx_word' id='word_1_46' title='bbox 156 598 277 632; x_wconf 80' lang='lat' dir='ltr'>ratus</span> <span class='ocrx_word' id='word_1_47' title='bbox 309 598 433 631; x_wconf 90' lang='lat' dir='ltr'>actus</span> <span class='ocrx_word' id='word_1_48' title='bbox 468 591 712 631; x_wconf 86' lang='lat' dir='ltr'>voluntatis</span> <span class='ocrx_word' id='word_1_49' title='bbox 731 589 756 641; x_wconf 72' lang='lat'>3²</span> <span class='ocrx_word' id='word_1_50' title='bbox 792 598 927 644; x_wconf 82' lang='lat' dir='ltr'>atque</span> <span class='ocrx_word' id='word_1_51' title='bbox 964 593 1018 637; x_wconf 80' lang='lat'>2⁰,</span> <span class='ocrx_word' id='word_1_52' title='bbox 1062 591 1282 644; x_wconf 86' lang='lat' dir='ltr'>ejusmodi</span> <span class='ocrx_word' id='word_1_53' title='bbox 1322 593 1565 633; x_wconf 81' lang='lat' dir='ltr'>voluntatis</span> 
     </span>
     <span class='ocr_line' id='line_1_9' title="bbox 148 659 1569 711; baseline 0.001 -11"><span class='ocrx_word' id='word_1_54' title='bbox 148 666 324 710; x_wconf 78' lang='lat' dir='ltr'>actum,</span> <span class='ocrx_word' id='word_1_55' title='bbox 350 660 523 700; x_wconf 89' lang='lat' dir='ltr'>etiamsi</span> <span class='ocrx_word' id='word_1_56' title='bbox 558 659 688 709; x_wconf 87' lang='lat' dir='ltr'>adsit,</span> <span class='ocrx_word' id='word_1_57' title='bbox 711 660 893 700; x_wconf 88' lang='lat' dir='ltr'>omnino</span> <span class='ocrx_word' id='word_1_58' title='bbox 929 660 1190 701; x_wconf 90' lang='lat' dir='ltr'>distinctum</span> <span class='ocrx_word' id='word_1_59' title='bbox 1226 674 1321 700; x_wconf 87' lang='lat' dir='ltr'>esse</span> <span class='ocrx_word' id='word_1_60' title='bbox 1359 661 1416 701; x_wconf 88' lang='lat' dir='ltr'>ab</span> <span class='ocrx_word' id='word_1_61' title='bbox 1454 668 1569 711; x_wconf 86' lang='lat' dir='ltr'>actu,</span> 
     </span>
     <span class='ocr_line' id='line_1_10' title="bbox 159 727 1572 783; baseline 0.001 -15"><span class='ocrx_word' id='word_1_62' title='bbox 159 742 240 782; x_wconf 78' lang='lat' dir='ltr'>vg.</span> <span class='ocrx_word' id='word_1_63' title='bbox 289 727 534 781; x_wconf 79' lang='lat' dir='ltr'>largitionis</span> <span class='ocrx_word' id='word_1_64' title='bbox 585 727 910 782; x_wconf 89' lang='lat' dir='ltr'>eleemosynae,</span> <span class='ocrx_word' id='word_1_65' title='bbox 961 730 1018 770; x_wconf 85' lang='lat' dir='ltr'>ad</span> <span class='ocrx_word' id='word_1_66' title='bbox 1070 743 1203 782; x_wconf 88' lang='lat' dir='ltr'>quem</span> <span class='ocrx_word' id='word_1_67' title='bbox 1246 730 1572 783; x_wconf 82' lang='lat' dir='ltr'>complacentia</span> 
     </span>
     <span class='ocr_line' id='line_1_11' title="bbox 150 797 1571 851; baseline 0.001 -14"><span class='ocrx_word' id='word_1_68' title='bbox 150 797 321 837; x_wconf 51' lang='lat' dir='ltr'>¹&gt;dicitur</span> <span class='ocrx_word' id='word_1_69' title='bbox 341 797 546 850; x_wconf 80' lang='lat' dir='ltr'>negative</span> <span class='ocrx_word' id='word_1_70' title='bbox 578 810 783 847; x_wconf 84' lang='lat' dir='ltr'>movere3</span> <span class='ocrx_word' id='word_1_71' title='bbox 822 797 955 851; x_wconf 89' lang='lat' dir='ltr'>idque</span> <span class='ocrx_word' id='word_1_72' title='bbox 978 798 1070 838; x_wconf 85' lang='lat' dir='ltr'>sive</span> <span class='ocrx_word' id='word_1_73' title='bbox 1102 798 1430 851; x_wconf 80' lang='lat' dir='ltr'>complacentia</span> <span class='ocrx_word' id='word_1_74' title='bbox 1462 799 1571 840; x_wconf 85' lang='lat' dir='ltr'>haec</span> 
     </span>
     <span class='ocr_line' id='line_1_12' title="bbox 157 865 1571 919; baseline 0.001 -14"><span class='ocrx_word' id='word_1_75' title='bbox 157 866 385 906; x_wconf 80' lang='lat' dir='ltr'>antecedit</span> <span class='ocrx_word' id='word_1_76' title='bbox 406 871 569 915; x_wconf 78' lang='lat' dir='ltr'>actum,</span> <span class='ocrx_word' id='word_1_77' title='bbox 591 865 684 905; x_wconf 87' lang='lat' dir='ltr'>sive</span> <span class='ocrx_word' id='word_1_78' title='bbox 721 865 1007 919; x_wconf 84' lang='lat' dir='ltr'>subsequitur</span> <span class='ocrx_word' id='word_1_79' title='bbox 1042 880 1159 915; x_wconf 84' lang='lat' dir='ltr'>eum,</span> <span class='ocrx_word' id='word_1_80' title='bbox 1179 867 1271 907; x_wconf 88' lang='lat' dir='ltr'>sive</span> <span class='ocrx_word' id='word_1_81' title='bbox 1309 867 1445 907; x_wconf 87' lang='lat' dir='ltr'>etiam</span> <span class='ocrx_word' id='word_1_82' title='bbox 1469 881 1571 908; x_wconf 87' lang='lat' dir='ltr'>eum</span> 
     </span>
     <span class='ocr_line' id='line_1_13' title="bbox 157 932 434 973; baseline -0.004 0"><span class='ocrx_word' id='word_1_83' title='bbox 157 932 434 973; x_wconf 82' lang='lat' dir='ltr'>-comitatur.³</span> 
     </span>
    </p>

    <p class='ocr_par' dir='ltr' id='par_1_4' title="bbox 154 1002 1576 1335">
     <span class='ocr_line' id='line_1_14' title="bbox 226 1002 1574 1057; baseline 0.002 -15"><span class='ocrx_word' id='word_1_84' title='bbox 226 1002 321 1054; x_wconf 85' lang='lat'><strong>560.</strong></span> <span class='ocrx_word' id='word_1_85' title='bbox 357 1004 425 1043; x_wconf 90' lang='lat' dir='ltr'>Re</span> <span class='ocrx_word' id='word_1_86' title='bbox 462 1004 523 1044; x_wconf 87' lang='lat' dir='ltr'>sic</span> <span class='ocrx_word' id='word_1_87' title='bbox 546 1004 768 1057; x_wconf 84' lang='lat' dir='ltr'>exposita,</span> <span class='ocrx_word' id='word_1_88' title='bbox 790 1002 918 1044; x_wconf 88' lang='lat' dir='ltr'>facile</span> <span class='ocrx_word' id='word_1_89' title='bbox 949 1004 1137 1044; x_wconf 83' lang='lat' dir='ltr'>solvitur</span> <span class='ocrx_word' id='word_1_90' title='bbox 1172 1012 1486 1057; x_wconf 82' lang='lat' dir='ltr'>argumentum</span> <span class='ocrx_word' id='word_1_91' title='bbox 1511 1006 1574 1057; x_wconf 72' lang='lat' dir='ltr'>(n,</span> 
     </span>
     <span class='ocr_line' id='line_1_15' title="bbox 164 1071 1574 1126; baseline 0.001 -13"><span class='ocrx_word' id='word_1_92' title='bbox 164 1073 277 1123; x_wconf 83' lang='lat'><strong>544.)</strong></span> <span class='ocrx_word' id='word_1_93' title='bbox 302 1071 545 1113; x_wconf 92' lang='lat' dir='ltr'>deductum</span> <span class='ocrx_word' id='word_1_94' title='bbox 567 1086 625 1112; x_wconf 82' lang='lat' dir='ltr'>ex</span> <span class='ocrx_word' id='word_1_95' title='bbox 648 1072 917 1113; x_wconf 88' lang='lat' dir='ltr'>testimoniis</span> <span class='ocrx_word' id='word_1_96' title='bbox 941 1071 1022 1114; x_wconf 83' lang='lat' dir='ltr'>SS.</span> <span class='ocrx_word' id='word_1_97' title='bbox 1055 1073 1237 1112; x_wconf 88' lang='lat' dir='ltr'>Patrum</span> <span class='ocrx_word' id='word_1_98' title='bbox 1258 1087 1267 1123; x_wconf 81' lang='lat'><em>3</em></span> <span class='ocrx_word' id='word_1_99' title='bbox 1290 1086 1434 1126; x_wconf 84' lang='lat' dir='ltr'>neque</span> <span class='ocrx_word' id='word_1_100' title='bbox 1456 1074 1574 1114; x_wconf 88' lang='lat' dir='ltr'>enim</span> 
     </span>
     <span class='ocr_line' id='line_1_16' title="bbox 157 1142 1574 1195; baseline 0 -13"><span class='ocrx_word' id='word_1_101' title='bbox 157 1155 215 1182; x_wconf 88' lang='lat' dir='ltr'>-ea</span> <span class='ocrx_word' id='word_1_102' title='bbox 249 1142 538 1195; x_wconf 86' lang='lat' dir='ltr'>intelligenda</span> <span class='ocrx_word' id='word_1_103' title='bbox 572 1148 677 1182; x_wconf 90' lang='lat' dir='ltr'>sunt</span> <span class='ocrx_word' id='word_1_104' title='bbox 711 1142 767 1182; x_wconf 85' lang='lat' dir='ltr'>de</span> <span class='ocrx_word' id='word_1_105' title='bbox 804 1142 977 1183; x_wconf 88' lang='lat' dir='ltr'>actibus</span> <span class='ocrx_word' id='word_1_106' title='bbox 1009 1142 1232 1194; x_wconf 89' lang='lat' dir='ltr'>justorum</span> <span class='ocrx_word' id='word_1_107' title='bbox 1255 1142 1377 1182; x_wconf 84' lang='lat' dir='ltr'>velut</span> <span class='ocrx_word' id='word_1_108' title='bbox 1412 1143 1574 1195; x_wconf 86' lang='lat' dir='ltr'>partim</span> 
     </span>
     <span class='ocr_line' id='line_1_17' title="bbox 163 1210 1576 1264; baseline 0.001 -14"><span class='ocrx_word' id='word_1_109' title='bbox 163 1211 290 1251; x_wconf 88' lang='lat' dir='ltr'>bonis</span> <span class='ocrx_word' id='word_1_110' title='bbox 333 1217 377 1251; x_wconf 95' lang='lat' dir='ltr'>et</span> <span class='ocrx_word' id='word_1_111' title='bbox 414 1211 577 1264; x_wconf 88' lang='lat' dir='ltr'>partim</span> <span class='ocrx_word' id='word_1_112' title='bbox 621 1211 762 1260; x_wconf 69' lang='lat' dir='ltr'>malis,</span> <span class='ocrx_word' id='word_1_113' title='bbox 804 1212 882 1251; x_wconf 91' lang='lat' dir='ltr'>sed</span> <span class='ocrx_word' id='word_1_114' title='bbox 915 1211 971 1251; x_wconf 89' lang='lat' dir='ltr'>de</span> <span class='ocrx_word' id='word_1_115' title='bbox 1008 1210 1183 1251; x_wconf 84' lang='lat' dir='ltr'>actibus</span> <span class='ocrx_word' id='word_1_116' title='bbox 1217 1211 1402 1251; x_wconf 88' lang='lat' dir='ltr'>omnino</span> <span class='ocrx_word' id='word_1_117' title='bbox 1434 1210 1576 1260; x_wconf 87' lang='lat' dir='ltr'>bonis,</span> 
     </span>
     <span class='ocr_line' id='line_1_18' title="bbox 154 1281 1574 1335; baseline -0.001 -13"><span class='ocrx_word' id='word_1_118' title='bbox 154 1295 277 1335; x_wconf 82' lang='lat' dir='ltr'>-quos</span> <span class='ocrx_word' id='word_1_119' title='bbox 300 1281 372 1321; x_wconf 89' lang='lat' dir='ltr'>alii</span> <span class='ocrx_word' id='word_1_120' title='bbox 395 1281 527 1322; x_wconf 91' lang='lat' dir='ltr'>simul</span> <span class='ocrx_word' id='word_1_121' title='bbox 550 1281 822 1322; x_wconf 84' lang='lat' dir='ltr'>comitantur</span> <span class='ocrx_word' id='word_1_122' title='bbox 844 1287 969 1321; x_wconf 86' lang='lat' dir='ltr'>actus</span> <span class='ocrx_word' id='word_1_123' title='bbox 1002 1281 1233 1322; x_wconf 89' lang='lat' dir='ltr'>venialiter</span> <span class='ocrx_word' id='word_1_124' title='bbox 1264 1281 1574 1334; x_wconf 87' lang='lat' dir='ltr'>peccaminosi.</span> 
     </span>
    </p>

    <p class='ocr_par' dir='ltr' id='par_1_5' title="bbox 156 1351 1583 2167">
     <span class='ocr_line' id='line_1_19' title="bbox 226 1351 1574 1407; baseline -0.004 -12"><span class='ocrx_word' id='word_1_125' title='bbox 226 1354 323 1406; x_wconf 83' lang='lat'>561.</span> <span class='ocrx_word' id='word_1_126' title='bbox 356 1354 563 1407; x_wconf 91' lang='lat' dir='ltr'>Denique</span> <span class='ocrx_word' id='word_1_127' title='bbox 597 1355 652 1395; x_wconf 93' lang='lat' dir='ltr'>ad</span> <span class='ocrx_word' id='word_1_128' title='bbox 684 1360 999 1407; x_wconf 81' lang='lat' dir='ltr'>argumentum</span> <span class='ocrx_word' id='word_1_129' title='bbox 1043 1366 1083 1392; x_wconf 87' lang='lat' dir='ltr'>n.</span> <span class='ocrx_word' id='word_1_130' title='bbox 1124 1361 1218 1404; x_wconf 83' lang='lat'><strong>545.</strong></span> <span class='ocrx_word' id='word_1_131' title='bbox 1252 1351 1467 1392; x_wconf 84' lang='lat' dir='ltr'>traditum</span> <span class='ocrx_word' id='word_1_132' title='bbox 1510 1365 1574 1391; x_wconf 84' lang='lat' dir='ltr'>re-</span> 
     </span>
     <span class='ocr_line' id='line_1_20' title="bbox 156 1420 1576 1478; baseline -0.004 -13"><span class='ocrx_word' id='word_1_133' title='bbox 156 1425 389 1478; x_wconf 84' lang='lat' dir='ltr'>spondent</span> <span class='ocrx_word' id='word_1_134' title='bbox 410 1423 618 1477; x_wconf 85' lang='lat' dir='ltr'>negando</span> <span class='ocrx_word' id='word_1_135' title='bbox 641 1423 765 1463; x_wconf 90' lang='lat' dir='ltr'>illum</span> <span class='ocrx_word' id='word_1_136' title='bbox 798 1423 873 1475; x_wconf 89' lang='lat' dir='ltr'>qui</span> <span class='ocrx_word' id='word_1_137' title='bbox 897 1428 1002 1476; x_wconf 86' lang='lat' dir='ltr'>agat</span> <span class='ocrx_word' id='word_1_138' title='bbox 1027 1422 1085 1462; x_wconf 92' lang='lat' dir='ltr'>ob</span> <span class='ocrx_word' id='word_1_139' title='bbox 1116 1421 1251 1461; x_wconf 88' lang='lat' dir='ltr'>finem</span> <span class='ocrx_word' id='word_1_140' title='bbox 1284 1420 1467 1470; x_wconf 88' lang='lat' dir='ltr'>malum,</span> <span class='ocrx_word' id='word_1_141' title='bbox 1493 1421 1576 1461; x_wconf 87' lang='lat' dir='ltr'>etsi</span> 
     </span>
     <span class='ocr_line' id='line_1_21' title="bbox 161 1491 1576 1546; baseline -0.001 -12"><span class='ocrx_word' id='word_1_142' title='bbox 161 1507 265 1534; x_wconf 84' lang='lat' dir='ltr'>-cum</span> <span class='ocrx_word' id='word_1_143' title='bbox 288 1494 408 1535; x_wconf 90' lang='lat' dir='ltr'>bono</span> <span class='ocrx_word' id='word_1_144' title='bbox 430 1493 529 1542; x_wconf 87' lang='lat' dir='ltr'>fine,</span> <span class='ocrx_word' id='word_1_145' title='bbox 552 1507 636 1546; x_wconf 73' lang='lat' dir='ltr'>vg.</span> <span class='ocrx_word' id='word_1_146' title='bbox 661 1499 947 1546; x_wconf 88' lang='lat' dir='ltr'>praeceptum</span> <span class='ocrx_word' id='word_1_147' title='bbox 963 1492 1252 1546; x_wconf 88' lang='lat' dir='ltr'>adimplendi,</span> <span class='ocrx_word' id='word_1_148' title='bbox 1274 1491 1576 1544; x_wconf 89' lang='lat' dir='ltr'>conjunctum,</span> 
     </span>
     <span class='ocr_line' id='line_1_22' title="bbox 166 1560 1576 1616; baseline -0.001 -14"><span class='ocrx_word' id='word_1_149' title='bbox 166 1562 343 1616; x_wconf 91' lang='lat' dir='ltr'>proprie</span> <span class='ocrx_word' id='word_1_150' title='bbox 367 1562 452 1603; x_wconf 90' lang='lat' dir='ltr'>dici</span> <span class='ocrx_word' id='word_1_151' title='bbox 475 1575 608 1616; x_wconf 91' lang='lat' dir='ltr'>posse</span> <span class='ocrx_word' id='word_1_152' title='bbox 631 1565 651 1582; x_wconf 91' lang='lat'><strong>“</strong></span> <span class='ocrx_word' id='word_1_153' title='bbox 667 1561 822 1602; x_wconf 77' lang='lat' dir='ltr'>melius</span> <span class='ocrx_word' id='word_1_154' title='bbox 854 1575 987 1614; x_wconf 85' lang='lat' dir='ltr'>agere</span> <span class='ocrx_word' id='word_1_155' title='bbox 1005 1560 1025 1576; x_wconf 88' lang='lat'>&#39;&#39;</span> <span class='ocrx_word' id='word_1_156' title='bbox 1047 1575 1181 1613; x_wconf 88' lang='lat' dir='ltr'>quam</span> <span class='ocrx_word' id='word_1_157' title='bbox 1220 1561 1293 1601; x_wconf 93' lang='lat' dir='ltr'>ille</span> <span class='ocrx_word' id='word_1_158' title='bbox 1316 1561 1390 1614; x_wconf 89' lang='lat' dir='ltr'>qui</span> <span class='ocrx_word' id='word_1_159' title='bbox 1426 1567 1576 1601; x_wconf 90' lang='lat' dir='ltr'>actum</span> 
     </span>
     <span class='ocr_line' id='line_1_23' title="bbox 167 1628 1575 1685; baseline -0.001 -15"><span class='ocrx_word' id='word_1_160' title='bbox 167 1636 453 1685; x_wconf 89' lang='lat' dir='ltr'>praeceptum</span> <span class='ocrx_word' id='word_1_161' title='bbox 476 1631 655 1671; x_wconf 89' lang='lat' dir='ltr'>omittat</span> <span class='ocrx_word' id='word_1_162' title='bbox 677 1644 685 1681; x_wconf 90' lang='grc'>;</span> <span class='ocrx_word' id='word_1_163' title='bbox 707 1633 728 1650; x_wconf 84' lang='grc'>“</span> <span class='ocrx_word' id='word_1_164' title='bbox 746 1630 829 1670; x_wconf 93' lang='lat' dir='ltr'>etsi</span> <span class='ocrx_word' id='word_1_165' title='bbox 845 1629 999 1680; x_wconf 90' lang='lat' dir='ltr'>enim‚&#39;&#39;</span> <span class='ocrx_word' id='word_1_166' title='bbox 1020 1636 1069 1670; x_wconf 92' lang='lat' dir='ltr'>ut</span> <span class='ocrx_word' id='word_1_167' title='bbox 1092 1629 1153 1669; x_wconf 82' lang='lat' dir='ltr'>ait</span> <span class='ocrx_word' id='word_1_168' title='bbox 1187 1628 1363 1678; x_wconf 73' lang='lat' dir='ltr'>Gonet,4</span> <span class='ocrx_word' id='word_1_169' title='bbox 1385 1629 1456 1669; x_wconf 89' lang='lat' dir='ltr'>“is</span> <span class='ocrx_word' id='word_1_170' title='bbox 1488 1630 1575 1683; x_wconf 90' lang='lat' dir='ltr'>qui,</span> 
     </span>
     <span class='ocr_line' id='line_1_24' title="bbox 168 1699 1576 1753; baseline 0 -14"><span class='ocrx_word' id='word_1_171' title='bbox 168 1707 355 1753; x_wconf 87' lang='lat' dir='ltr'>urgente</span> <span class='ocrx_word' id='word_1_172' title='bbox 376 1706 617 1753; x_wconf 86' lang='lat' dir='ltr'>praecepto</span> <span class='ocrx_word' id='word_1_173' title='bbox 651 1700 789 1740; x_wconf 88' lang='lat' dir='ltr'>dandi</span> <span class='ocrx_word' id='word_1_174' title='bbox 821 1699 1167 1752; x_wconf 86' lang='lat' dir='ltr'>eleemosynam,</span> <span class='ocrx_word' id='word_1_175' title='bbox 1191 1712 1290 1738; x_wconf 86' lang='lat' dir='ltr'>eam</span> <span class='ocrx_word' id='word_1_176' title='bbox 1328 1699 1483 1740; x_wconf 88' lang='lat' dir='ltr'>tribuit</span> <span class='ocrx_word' id='word_1_177' title='bbox 1519 1699 1576 1740; x_wconf 84' lang='lat' dir='ltr'>ob</span> 
     </span>
     <span class='ocr_line' id='line_1_25' title="bbox 165 1770 1579 1826; baseline -0.001 -14"><span class='ocrx_word' id='word_1_178' title='bbox 165 1773 346 1812; x_wconf 86' lang='lat' dir='ltr'>inanem</span> <span class='ocrx_word' id='word_1_179' title='bbox 386 1772 586 1826; x_wconf 84' lang='lat' dir='ltr'>gloriam,</span> <span class='ocrx_word' id='word_1_180' title='bbox 632 1771 779 1812; x_wconf 81' lang='lat' dir='ltr'>minus</span> <span class='ocrx_word' id='word_1_181' title='bbox 808 1776 946 1823; x_wconf 77' lang='lat' dir='ltr'>peccet</span> <span class='ocrx_word' id='word_1_182' title='bbox 989 1784 1123 1823; x_wconf 90' lang='lat' dir='ltr'>quam</span> <span class='ocrx_word' id='word_1_183' title='bbox 1171 1770 1245 1822; x_wconf 88' lang='lat' dir='ltr'>qui</span> <span class='ocrx_word' id='word_1_184' title='bbox 1280 1770 1402 1810; x_wconf 87' lang='lat' dir='ltr'>nullo</span> <span class='ocrx_word' id='word_1_185' title='bbox 1443 1771 1579 1811; x_wconf 85' lang='lat' dir='ltr'>modo</span> 
     </span>
     <span class='ocr_line' id='line_1_26' title="bbox 170 1838 1579 1894; baseline -0.003 -12"><span class='ocrx_word' id='word_1_186' title='bbox 170 1841 387 1894; x_wconf 84' lang='lat' dir='ltr'>adimplet</span> <span class='ocrx_word' id='word_1_187' title='bbox 429 1841 518 1882; x_wconf 87' lang='lat' dir='ltr'>tale</span> <span class='ocrx_word' id='word_1_188' title='bbox 548 1846 837 1894; x_wconf 86' lang='lat' dir='ltr'>praeceptum</span> <span class='ocrx_word' id='word_1_189' title='bbox 869 1873 878 1881; x_wconf 91' lang='lat'><strong><em>.</em></strong></span> <span class='ocrx_word' id='word_1_190' title='bbox 912 1871 921 1880; x_wconf 93' lang='lat'><strong>.</strong></span> <span class='ocrx_word' id='word_1_191' title='bbox 958 1873 966 1881; x_wconf 90' lang='lat'><strong>.</strong></span> <span class='ocrx_word' id='word_1_192' title='bbox 998 1852 1087 1879; x_wconf 92' lang='lat' dir='ltr'>non</span> <span class='ocrx_word' id='word_1_193' title='bbox 1130 1844 1281 1878; x_wconf 90' lang='lat' dir='ltr'>tamen</span> <span class='ocrx_word' id='word_1_194' title='bbox 1316 1838 1493 1892; x_wconf 90' lang='lat' dir='ltr'>proprie</span> <span class='ocrx_word' id='word_1_195' title='bbox 1534 1844 1579 1878; x_wconf 90' lang='lat' dir='ltr'>et</span> 
     </span>
     <span class='ocr_line' id='line_1_27' title="bbox 171 1906 1583 1963; baseline -0.003 -13"><span class='ocrx_word' id='word_1_196' title='bbox 171 1910 415 1951; x_wconf 89' lang='lat' dir='ltr'>formaliter</span> <span class='ocrx_word' id='word_1_197' title='bbox 436 1909 659 1963; x_wconf 89' lang='lat' dir='ltr'>loquendo</span> <span class='ocrx_word' id='word_1_198' title='bbox 682 1908 836 1949; x_wconf 79' lang='lat' dir='ltr'>melius</span> <span class='ocrx_word' id='word_1_199' title='bbox 858 1907 982 1960; x_wconf 83' lang='lat' dir='ltr'>facit</span> <span class='ocrx_word' id='word_1_200' title='bbox 996 1922 1014 1956; x_wconf 88' lang='lat'>‚·</span> <span class='ocrx_word' id='word_1_201' title='bbox 1036 1906 1140 1960; x_wconf 91' lang='lat' dir='ltr'>quia</span> <span class='ocrx_word' id='word_1_202' title='bbox 1162 1913 1316 1947; x_wconf 90' lang='lat' dir='ltr'>neuter</span> <span class='ocrx_word' id='word_1_203' title='bbox 1338 1906 1583 1947; x_wconf 86' lang='lat' dir='ltr'>formaliter</span> 
     </span>
     <span class='ocr_line' id='line_1_28' title="bbox 168 1975 1578 2029; baseline -0.004 -10"><span class='ocrx_word' id='word_1_204' title='bbox 168 1978 416 2029; x_wconf 24' lang='lat' dir='ltr'>bene-facit.</span> <span class='ocrx_word' id='word_1_205' title='bbox 451 2011 462 2020; x_wconf 83' lang='lat'><strong>.</strong></span> <span class='ocrx_word' id='word_1_206' title='bbox 495 2009 504 2018; x_wconf 93' lang='lat'>.</span> <span class='ocrx_word' id='word_1_207' title='bbox 538 2006 547 2016; x_wconf 87' lang='lat'><strong>.</strong></span> <span class='ocrx_word' id='word_1_208' title='bbox 614 1978 739 2019; x_wconf 85' lang='lat' dir='ltr'>Sicut</span> <span class='ocrx_word' id='word_1_209' title='bbox 770 1977 1072 2029; x_wconf 72' lang='lat' dir='ltr'>rzzz&#39;nuspeccat</span> <span class='ocrx_word' id='word_1_210' title='bbox 1093 1975 1167 2028; x_wconf 90' lang='lat' dir='ltr'>qui</span> <span class='ocrx_word' id='word_1_211' title='bbox 1192 1975 1416 2016; x_wconf 88' lang='lat' dir='ltr'>dormiens</span> <span class='ocrx_word' id='word_1_212' title='bbox 1439 1975 1578 2015; x_wconf 90' lang='lat' dir='ltr'>adim-</span> 
     </span>
     <span class='ocr_line' id='line_1_29' title="bbox 173 2032 1579 2101; baseline -0.004 -14"><span class='ocrx_word' id='word_1_213' title='bbox 173 2048 276 2101; x_wconf 88' lang='lat' dir='ltr'>plet,</span> <span class='ocrx_word' id='word_1_214' title='bbox 298 2061 373 2086; x_wconf 82' lang='lat' dir='ltr'>seu</span> <span class='ocrx_word' id='word_1_215' title='bbox 397 2060 485 2086; x_wconf 94' lang='lat' dir='ltr'>non</span> <span class='ocrx_word' id='word_1_216' title='bbox 511 2046 684 2099; x_wconf 81' lang='lat' dir='ltr'>frangit,</span> <span class='ocrx_word' id='word_1_217' title='bbox 708 2051 995 2099; x_wconf 87' lang='lat' dir='ltr'>praeceptum</span> <span class='ocrx_word' id='word_1_218' title='bbox 1019 2058 1107 2084; x_wconf 92' lang='lat' dir='ltr'>non</span> <span class='ocrx_word' id='word_1_219' title='bbox 1130 2043 1321 2093; x_wconf 89' lang='lat' dir='ltr'>furandi,</span> <span class='ocrx_word' id='word_1_220' title='bbox 1346 2057 1481 2096; x_wconf 82' lang='lat' dir='ltr'>quarn</span> <span class='ocrx_word' id='word_1_221' title='bbox 1504 2032 1579 2095; x_wconf 75' lang='lat' dir='ltr'>qui</span> 
     </span>
     <span class='ocr_line' id='line_1_30' title="bbox 173 2111 1582 2167; baseline -0.004 -11"><span class='ocrx_word' id='word_1_222' title='bbox 173 2116 282 2156; x_wconf 90' lang='lat' dir='ltr'>illud</span> <span class='ocrx_word' id='word_1_223' title='bbox 304 2115 472 2165; x_wconf 87' lang='lat' dir='ltr'>violat;</span> <span class='ocrx_word' id='word_1_224' title='bbox 509 2129 597 2155; x_wconf 89' lang='lat' dir='ltr'>non</span> <span class='ocrx_word' id='word_1_225' title='bbox 630 2121 781 2155; x_wconf 90' lang='lat' dir='ltr'>tamen</span> <span class='ocrx_word' id='word_1_226' title='bbox 804 2114 980 2167; x_wconf 90' lang='lat' dir='ltr'>proprie</span> <span class='ocrx_word' id='word_1_227' title='bbox 1016 2112 1169 2152; x_wconf 78' lang='lat' dir='ltr'>melzus</span> <span class='ocrx_word' id='word_1_228' title='bbox 1193 2112 1323 2163; x_wconf 61' lang='lat' dir='ltr'>finit,</span> <span class='ocrx_word' id='word_1_229' title='bbox 1345 2111 1449 2164; x_wconf 88' lang='lat' dir='ltr'>quia</span> <span class='ocrx_word' id='word_1_230' title='bbox 1482 2112 1582 2151; x_wconf 90' lang='lat' dir='ltr'>dor-</span> 
     </span>
    </p>
   </div>
   <div class='ocr_carea' id='block_1_3' title="bbox 173 2300 1581 2566">
    <p class='ocr_par' dir='ltr' id='par_1_6' title="bbox 173 2300 1581 2436">
     <span class='ocr_line' id='line_1_31' title="bbox 219 2300 1580 2349; baseline -0.007 -9"><span class='ocrx_word' id='word_1_231' title='bbox 219 2309 232 2329; x_wconf 83' lang='lat'>1</span> <span class='ocrx_word' id='word_1_232' title='bbox 250 2309 324 2341; x_wconf 89' lang='lat' dir='ltr'>Lib.</span> <span class='ocrx_word' id='word_1_233' title='bbox 346 2317 374 2349; x_wconf 84' lang='lat'>3.</span> <span class='ocrx_word' id='word_1_234' title='bbox 394 2309 444 2339; x_wconf 84' lang='lat' dir='ltr'>De</span> <span class='ocrx_word' id='word_1_235' title='bbox 464 2307 601 2338; x_wconf 78' lang='lat' dir='ltr'>Actibus</span> <span class='ocrx_word' id='word_1_236' title='bbox 628 2308 810 2344; x_wconf 83' lang='lat' dir='ltr'>Humanis,</span> <span class='ocrx_word' id='word_1_237' title='bbox 838 2306 976 2346; x_wconf 82' lang='lat' dir='ltr'>Quaest.</span> <span class='ocrx_word' id='word_1_238' title='bbox 995 2304 1048 2335; x_wconf 90' lang='lat'>28.</span> <span class='ocrx_word' id='word_1_239' title='bbox 1077 2315 1109 2334; x_wconf 89' lang='lat' dir='ltr'>n.</span> <span class='ocrx_word' id='word_1_240' title='bbox 1137 2311 1166 2345; x_wconf 83' lang='grc'>5.</span> <span class='ocrx_word' id='word_1_241' title='bbox 1216 2302 1296 2333; x_wconf 89' lang='lat' dir='ltr'>Vid.</span> <span class='ocrx_word' id='word_1_242' title='bbox 1315 2302 1415 2333; x_wconf 73' lang='lat' dir='ltr'>etiam</span> <span class='ocrx_word' id='word_1_243' title='bbox 1431 2300 1580 2341; x_wconf 80' lang='lat' dir='ltr'>Struggl,</span> 
     </span>
     <span class='ocr_line' id='line_1_32' title="bbox 183 2347 1581 2393; baseline -0.006 -10"><span class='ocrx_word' id='word_1_244' title='bbox 183 2353 291 2384; x_wconf 75' lang='lat' dir='ltr'>Theol.</span> <span class='ocrx_word' id='word_1_245' title='bbox 311 2353 517 2393; x_wconf 76' lang='lat' dir='ltr'>Dogmatica,</span> <span class='ocrx_word' id='word_1_246' title='bbox 537 2351 626 2382; x_wconf 85' lang='lat' dir='ltr'>Part.</span> <span class='ocrx_word' id='word_1_247' title='bbox 650 2359 679 2381; x_wconf 83' lang='grc' dir='ltr'>ι.</span> <span class='ocrx_word' id='word_1_248' title='bbox 697 2358 793 2382; x_wconf 86' lang='lat' dir='ltr'>tract.</span> <span class='ocrx_word' id='word_1_249' title='bbox 811 2351 856 2381; x_wconf 90' lang='lat' dir='ltr'>iv.</span> <span class='ocrx_word' id='word_1_250' title='bbox 874 2350 962 2391; x_wconf 88' lang='lat' dir='ltr'>disp.</span> <span class='ocrx_word' id='word_1_251' title='bbox 979 2358 1012 2388; x_wconf 89' lang='lat'>4.</span> <span class='ocrx_word' id='word_1_252' title='bbox 1028 2355 1158 2390; x_wconf 80' lang='lat' dir='ltr'>quaest.</span> <span class='ocrx_word' id='word_1_253' title='bbox 1172 2347 1192 2378; x_wconf 86' lang='lat' dir='ltr'>i.</span> <span class='ocrx_word' id='word_1_254' title='bbox 1209 2352 1272 2377; x_wconf 75' lang='lat' dir='ltr'>art.</span> <span class='ocrx_word' id='word_1_255' title='bbox 1292 2353 1369 2386; x_wconf 87' lang='lat' dir='ltr'>5.n.</span> <span class='ocrx_word' id='word_1_256' title='bbox 1385 2353 1404 2375; x_wconf 89' lang='lat'><strong>2</strong></span> <span class='ocrx_word' id='word_1_257' title='bbox 1420 2354 1426 2377; x_wconf 73' lang='lat'>2</span> <span class='ocrx_word' id='word_1_258' title='bbox 1446 2347 1581 2385; x_wconf 68' lang='lat' dir='ltr'>Sporer,</span> 
     </span>
     <span class='ocr_line' id='line_1_33' title="bbox 173 2394 630 2436; baseline -0.007 -9"><span class='ocrx_word' id='word_1_259' title='bbox 173 2397 289 2427; x_wconf 77' lang='lat' dir='ltr'>Tract.</span> <span class='ocrx_word' id='word_1_260' title='bbox 311 2404 336 2427; x_wconf 93' lang='lat'>1.</span> <span class='ocrx_word' id='word_1_261' title='bbox 358 2406 432 2436; x_wconf 81' lang='lat' dir='ltr'>cap.</span> <span class='ocrx_word' id='word_1_262' title='bbox 451 2395 496 2426; x_wconf 87' lang='lat' dir='ltr'>iii.</span> <span class='ocrx_word' id='word_1_263' title='bbox 518 2405 552 2425; x_wconf 91' lang='lat' dir='ltr'>n.</span> <span class='ocrx_word' id='word_1_264' title='bbox 581 2394 630 2428; x_wconf 79' lang='lat'>16.</span> 
     </span>
    </p>

    <p class='ocr_par' dir='ltr' id='par_1_7' title="bbox 221 2436 1083 2480">
     <span class='ocr_line' id='line_1_34' title="bbox 221 2436 1083 2480; baseline -0.006 -11"><span class='ocrx_word' id='word_1_265' title='bbox 221 2440 322 2470; x_wconf 73' lang='lat' dir='ltr'>2Vid.</span> <span class='ocrx_word' id='word_1_266' title='bbox 341 2439 498 2480; x_wconf 81' lang='lat' dir='ltr'>Esparza,</span> <span class='ocrx_word' id='word_1_267' title='bbox 517 2437 598 2468; x_wconf 90' lang='lat' dir='ltr'>ibid.</span> <span class='ocrx_word' id='word_1_268' title='bbox 614 2448 647 2468; x_wconf 88' lang='lat' dir='ltr'>n.</span> <span class='ocrx_word' id='word_1_269' title='bbox 663 2437 683 2468; x_wconf 91' lang='lat'>6</span> <span class='ocrx_word' id='word_1_270' title='bbox 698 2446 706 2474; x_wconf 88' lang='grc'><strong>;</strong></span> <span class='ocrx_word' id='word_1_271' title='bbox 732 2437 883 2478; x_wconf 68' lang='lat' dir='ltr'>struggl,</span> <span class='ocrx_word' id='word_1_272' title='bbox 902 2436 984 2467; x_wconf 86' lang='lat' dir='ltr'>ibid.</span> <span class='ocrx_word' id='word_1_273' title='bbox 1002 2445 1034 2466; x_wconf 90' lang='lat' dir='ltr'>n.</span> <span class='ocrx_word' id='word_1_274' title='bbox 1050 2444 1083 2473; x_wconf 88' lang='lat'>4.</span> 
     </span>
    </p>

    <p class='ocr_par' dir='ltr' id='par_1_8' title="bbox 220 2481 694 2522">
     <span class='ocr_line' id='line_1_35' title="bbox 220 2481 694 2522; baseline 0 -11"><span class='ocrx_word' id='word_1_275' title='bbox 220 2484 233 2503; x_wconf 79' lang='lat'><strong>3</strong></span> <span class='ocrx_word' id='word_1_276' title='bbox 251 2483 329 2513; x_wconf 85' lang='lat' dir='ltr'>Vid.</span> <span class='ocrx_word' id='word_1_277' title='bbox 349 2482 496 2522; x_wconf 67' lang='lat' dir='ltr'>struggl,</span> <span class='ocrx_word' id='word_1_278' title='bbox 513 2481 593 2512; x_wconf 83' lang='lat' dir='ltr'>ibid.</span> <span class='ocrx_word' id='word_1_279' title='bbox 614 2491 646 2512; x_wconf 88' lang='lat' dir='ltr'>n.</span> <span class='ocrx_word' id='word_1_280' title='bbox 663 2491 694 2519; x_wconf 89' lang='lat'>4.</span> 
     </span>
    </p>

    <p class='ocr_par' dir='ltr' id='par_1_9' title="bbox 221 2519 1471 2566">
     <span class='ocr_line' id='line_1_36' title="bbox 221 2519 1471 2566; baseline -0.007 -9"><span class='ocrx_word' id='word_1_281' title='bbox 221 2527 232 2547; x_wconf 81' lang='lat'>4</span> <span class='ocrx_word' id='word_1_282' title='bbox 250 2526 360 2557; x_wconf 79' lang='lat' dir='ltr'>Tract.</span> <span class='ocrx_word' id='word_1_283' title='bbox 377 2534 409 2566; x_wconf 82' lang='lat'>3.</span> <span class='ocrx_word' id='word_1_284' title='bbox 429 2527 478 2556; x_wconf 69' lang='lat' dir='ltr'>JJe</span> <span class='ocrx_word' id='word_1_285' title='bbox 500 2524 694 2556; x_wconf 68' lang='lat' dir='ltr'>Moralizace</span> <span class='ocrx_word' id='word_1_286' title='bbox 709 2525 781 2555; x_wconf 82' lang='lat' dir='ltr'>Act.</span> <span class='ocrx_word' id='word_1_287' title='bbox 809 2523 1068 2560; x_wconf 71' lang='lat' dir='ltr'>Humanarum,</span> <span class='ocrx_word' id='word_1_288' title='bbox 1089 2521 1178 2551; x_wconf 78' lang='lat' dir='ltr'>Diss.</span> <span class='ocrx_word' id='word_1_289' title='bbox 1198 2528 1228 2559; x_wconf 92' lang='lat'>4.</span> <span class='ocrx_word' id='word_1_290' title='bbox 1249 2524 1311 2550; x_wconf 87' lang='lat' dir='ltr'>art.</span> <span class='ocrx_word' id='word_1_291' title='bbox 1327 2519 1348 2549; x_wconf 92' lang='lat' dir='ltr'>i.</span> <span class='ocrx_word' id='word_1_292' title='bbox 1365 2528 1396 2550; x_wconf 90' lang='lat' dir='ltr'>n.</span> <span class='ocrx_word' id='word_1_293' title='bbox 1419 2524 1471 2559; x_wconf 81' lang='lat'>25.</span> 
     </span>
    </p>
   </div>
  </div>
 </body>
</html>
