1716 2729
144 74 189 104 n.
211 59 273 118 9.]
583 65 636 105 de
652 66 834 107 Actibus
854 66 1092 111 Humanis.
1487 83 1511 127 7
1522 87 1536 114 1

143 177 318 217 etiamsi
340 177 384 217 in
406 183 589 232 peccato
621 178 678 219 sit
709 180 1046 229 ministraturus,
1069 184 1104 222 si
1137 197 1224 224 non
1248 193 1314 227 est
1337 187 1447 228 alius
1468 188 1541 241 qui

141 243 236 284 sine
257 252 440 298 peccato
463 245 717 287 ministret.’'

206 314 296 363 189.
329 313 499 365 Regula
531 312 738 365 Septima.
801 315 937 356 Ratio
967 317 1113 357 minor
1141 319 1300 361 sufficit
1332 322 1367 361 si
1399 323 1544 375 agitur

144 379 202 420 de
232 380 315 420 illis
347 380 424 432 qui
453 380 568 420 nullo
592 380 721 434 officii
751 396 924 423 munere
952 384 1077 425 istud
1101 386 1267 426 malum
1289 395 1544 440 praecavere

141 453 346 496 tenentur,
367 461 501 499 quam
524 448 559 488 si
590 449 737 501 agitur
758 450 814 490 de
845 450 896 490 iis
927 465 1115 504 quorum
1148 466 1307 494 munus
1338 463 1405 496 est
1435 458 1542 498 illud

141 527 411 566 praecavere.
475 515 549 556 Sic
571 528 654 568 v.g.
677 529 810 556 causa
831 531 946 570 quae
977 519 1136 560 sufficit
1167 527 1216 561 ut
1238 523 1392 563 ceteris
1414 524 1543 565 liceat

144 593 267 620 arma
302 581 514 633 praebere
547 582 598 622 iis
632 583 706 635 qui
739 585 1053 636 praevidentur
1088 587 1245 628 iisdem
1278 590 1454 631 abusuri
1486 594 1541 632 ad

144 646 310 688 furtum
361 655 438 690 aut
488 650 545 691 ad
595 649 885 692 homicidium
937 657 1220 707 patrandum,
1262 671 1542 712 nequaquam

141 715 301 756 sufficit
348 723 397 758 ut
447 717 531 758 hoc
581 718 712 760 liceat
763 721 1027 763 satellitibus
1078 731 1155 765 aut
1196 725 1291 765 aliis
1334 727 1544 768 ministris

135 782 346 836 justitiae.

206 863 292 904 190.
325 853 496 906 Regula
530 853 702 896 Octava.
765 857 974 910 Denique
1005 859 1150 900 minor
1174 860 1335 902 sufficit
1365 862 1477 902 ratio
1507 864 1543 903 si

141 933 288 970 causa,
311 920 368 961 de
399 935 487 974 qua
517 923 674 976 agitur,
705 931 773 965 est
794 925 962 979 aliquid
995 927 1083 980 lege
1101 935 1385 982 praeceptum,
1407 944 1543 984 quam

139 988 175 1028 si
198 995 264 1029 est
285 989 452 1042 aliquid
474 992 645 1032 omnino
664 1000 807 1045 sponte
819 994 1143 1055 suscz'piqndu772.
1197 998 1471 1051 Exemplum
1487 999 1543 1039 sit

141 1055 326 1109 alicujus
357 1058 432 1111 qui
463 1060 719 1111 praevideat
751 1075 796 1101 se
818 1076 906 1102 non
928 1077 1060 1116 posse
1091 1079 1114 1105 e
1146 1065 1281 1105 domo
1314 1067 1463 1119 egredi
1486 1067 1543 1107 ad

142 1123 327 1165 Missam
360 1127 642 1178 audiendam,
677 1130 782 1182 quin
805 1130 878 1169 alii
902 1131 1112 1183 praebeat
1144 1133 1421 1174 occasionem
1444 1148 1543 1187 pec-

141 1193 283 1241 candi,
303 1207 441 1246 quum
465 1195 611 1247 agitur
626 1196 688 1249 (a)
707 1196 763 1237 de
784 1197 858 1238 die
879 1198 994 1239 festo
1015 1200 1059 1239 in
1082 1214 1171 1253 quo
1195 1200 1381 1242 Missam
1404 1203 1544 1243 audiri

142 1260 419 1314 praecipitur,
440 1268 517 1303 aut
542 1263 602 1317 (b)
626 1264 681 1304 de
704 1265 852 1318 aliquo
885 1266 972 1307 alio
994 1267 1065 1307 die
1097 1282 1196 1320 quo,
1219 1270 1340 1310 nullo
1364 1277 1545 1323 urgente

142 1335 392 1382 praecepto,
415 1330 600 1371 Missam
623 1332 776 1373 audire
797 1333 1008 1375 voluerat.
1073 1337 1252 1376 Etenim
1286 1337 1381 1378 TT.
1405 1345 1543 1378 statu-

143 1402 222 1436 unt
244 1395 305 1449 (a)
328 1396 592 1439 charitatem
623 1399 699 1440 vix
732 1414 929 1454 unquam
962 1403 1158 1456 obligare
1180 1405 1236 1444 ad
1268 1407 1542 1457 praetermit-

142 1463 280 1504 tenda
302 1478 354 1504 ea
376 1479 491 1518 quae
517 1466 614 1519 lege
645 1469 983 1521 praecipiantur,
1005 1471 1116 1511 adeo
1138 1471 1272 1511 etiam
1297 1478 1344 1512 ut
1366 1474 1545 1525 quaevis

138 1531 231 1572 vfere
263 1533 390 1584 ratio,
414 1547 498 1586 v.g.
521 1534 589 1574 vel
623 1535 717 1576 leve
749 1537 1094 1587 incommodum,
1125 1538 1313 1580 sufficiat
1345 1541 1400 1580 ad
1431 1540 1544 1592 ejus-

143 1599 264 1639 modi
287 1600 617 1654 obligationem,
638 1604 812 1656 quoties
835 1605 963 1655 adsit,
985 1606 1231 1646 tollendam
1253 1622 1261 1656 ;
1293 1613 1339 1647 at
1354 1621 1458 1648 vero
1482 1607 1544 1662 (b)

142 1669 324 1709 omnino
360 1671 643 1712 consentiunt
676 1672 790 1714 hanc
818 1675 1026 1716 virtutem
1060 1675 1180 1716 haud
1215 1690 1312 1716 raro
1349 1674 1544 1729 obligare

142 1736 198 1775 ad
222 1737 618 1788 praetermittenda
650 1754 712 1789 ea,
734 1741 868 1782 etiam
901 1744 1090 1795 pietatis,
1113 1757 1248 1796 opera
1279 1758 1394 1796 quae
1426 1744 1545 1784 nulla

143 1802 242 1855 lege
272 1805 609 1858 praecipiantur,
631 1809 744 1848 adeo
775 1816 823 1848 ut
855 1811 889 1850 si
922 1810 1047 1853 alteri
1080 1811 1343 1864 praebeatur
1374 1814 1546 1853 occasio

145 1872 369 1924 peccandi,
392 1886 444 1913 ea
466 1880 691 1926 praestare
718 1889 805 1916 non
829 1876 971 1926 liceat,
993 1879 1074 1918 nisi
1098 1880 1209 1919 ratio
1231 1879 1380 1932 aliqua
1401 1881 1545 1933 gravis

145 1939 201 1979 ab
223 1938 298 1980 illa
319 1941 592 1994 obligatione
614 1944 827 1985 excuset.l

208 2017 298 2059 191.
334 2008 566 2050 Hactenus
589 2012 644 2051 de
666 2012 940 2065 obligatione
963 2027 1097 2066 quam
1119 2028 1253 2068 supra
1267 2014 1356 2066 (nn.
1378 2018 1442 2064 82,
1459 2016 1544 2067 99.)

147 2077 500 2117 memoravimus.
563 2077 691 2131 Quae
712 2081 862 2121 omnia
895 2082 969 2134 qui
1003 2082 1141 2122 fusius
1172 2083 1379 2136 exposita
1412 2089 1545 2135 atque

148 2143 366 2195 exemplis
408 2144 626 2186 illustrata
667 2147 815 2188 videre
857 2150 1018 2202 cupiat,
1060 2151 1192 2191 adeat
1234 2164 1338 2203 prae
1379 2151 1543 2198 ceteris,

147 2209 393 2261 Laymann‚
413 2211 507 2253 Lib.
532 2224 566 2253 2.
590 2219 713 2255 tract.
736 2216 792 2256 iii.
811 2230 903 2269 cap.
928 2228 974 2267 13
995 2231 1003 2266 ;
1029 2215 1240 2268 SancheZ,
1262 2218 1317 2258 In
1333 2217 1543 2270 praecept.

146 2276 302 2326 Decal„
326 2278 424 2319 Lib.
469 2291 500 2320 1.
537 2294 634 2336 cap.
673 2292 730 2334 7;
763 2283 969 2334 Lacroix,
1005 2285 1100 2327 Lib.
1141 2298 1179 2327 2.
1211 2286 1279 2326 De
1315 2285 1546 2337 Charilam,

190 2451 200 2471 1
214 2452 290 2483 Vid.
311 2462 379 2494 v.g.
400 2454 434 2484 S.
453 2455 570 2496 Alph„
590 2456 664 2487 Lib.
682 2465 712 2497 3.
730 2464 823 2489 tract.
842 2467 872 2498 3.
900 2459 952 2489 De
974 2459 1142 2499 Praeceplo
1174 2457 1365 2493 Clzam'latz's,
1384 2467 1439 2487 nn.
1458 2462 1499 2497 5ο
1516 2464 1547 2486 et

145 2505 216 2537 seq.
234 2505 240 2531 ;
267 2497 369 2537 Gury,
390 2497 478 2528 Part.
496 2498 517 2528 i.
536 2509 592 2530 nn.
609 2507 682 2540 235.
702 2501 774 2540 236.
