1747 2620
325 202 753 263 PRAEFATIO
794 184 1190 246 AUCTORIS.

665 308 838 319 --———-

960 349 1080 399 erim
1119 345 1167 392 in
1192 341 1287 387 hoc
1313 348 1456 398 opus-

60 384 203 444 QUID
230 375 347 425 mihi
385 368 697 436 potissimum
736 371 955 423 proposu

974 449 1087 483 esse
1112 426 1322 476 videtur.

62 465 171 515 culo
198 457 460 511 scribendo
485 450 655 518 paucis
681 441 947 494 dicendum

134 551 194 598 R.
227 548 278 594 P.
308 545 466 605 Gury‚
492 535 755 596 theologus
785 520 1116 575 doctissimus,
1145 513 1191 559 in
1228 508 1331 555 Tra

66 638 121 685 de
180 631 389 680 Actibus
444 619 700 672 Humanis
746 613 830 677 qui
879 618 955 656 est
1003 605 1051 651 in
1102 592 1311 646 exordio
1359 586 1467 650 ejus

407 704 720 769 Theologiae
759 692 982 749 Moralis,
1009 702 1119 736 eam
1157 681 1289 728 viam
1327 671 1470 722 ratio-

831 778 915 828 ndi
971 788 1099 837 quae
1160 780 1258 813 non
1316 755 1474 806 solum

1050 851 1250 918 quidem
1291 839 1479 909 judicio

1334 506 1464 551 elatu

71 714 369 782 Compendii

75 819 288 867 nemque
341 797 447 846 iniit
507 808 609 840 rem
671 795 827 834 tracta

77 887 333 954 probanda
379 896 466 945 per
514 894 567 924 se
615 882 705 930 est,
758 866 846 915 sed
895 876 1006 909 meo

79 973 256 1024 ceteris
302 965 437 1031 quod
486 961 636 1009 sciam
687 958 918 1019 praestat.
1016 942 1088 989 At
1147 929 1318 997 negari
1380 939 1480 973 non

283 1053 401 1117 quin
442 1047 522 1095 ille
565 1039 774 1104 insignis
817 1029 1083 1091 theologus
1126 1022 1189 1068 de
1235 1017 1326 1064 hac
1376 1026 1482 1073 gra-

496 1129 641 1194 ogiae
685 1118 894 1171 Mora.iis
932 1123 1071 1177 parte
1106 1101 1327 1154 breviter
1363 1109 1490 1142 sum-

1014 1190 1223 1246 exiliter‚
1269 1183 1489 1243 disputa-

1346 1263 1494 1311 missa

82 1070 248 1125 potest

86 1143 290 1192 vissima
327 1131 491 1183 Theoi

89 1226 370 1285 maffimque,
411 1235 473 1265 ne
512 1214 673 1261 dicam
708 1206 878 1271 jejune
921 1210 971 1246 et

88 1311 228 1361 verit.
303 1299 647 1366 Quamobrem
675 1310 734 1340 ea
770 1303 898 1352 quae
936 1282 997 1329 ab
1037 1277 1118 1325 illo
1145 1279 1341 1336 praeter

89 1407 203 1445 sunt
228 1392 447 1440 editores
475 1380 789 1432 recentiores,
816 1372 946 1433 iique
972 1355 1262 1411 doctissimi,
1282 1348 1497 1412 adjicere

452 1467 604 1517 Unde
642 1463 822 1510 sactum
852 1464 928 1503 est
954 1460 1005 1498 ut
1040 1461 1167 1511 quae
1194 1437 1362 1488 addita
1388 1440 1502 1479 sunt

476 1553 488 1577 ¹
520 1539 972 1598 Ratisbonensibus
1004 1544 1054 1580 et
1081 1531 1128 1577 in
1159 1513 1503 1586 Lugdunensi‚

1198 1610 1209 1655 i
1247 1598 1508 1654 annotavit

95 1480 374 1530 voluerunt.

99 1569 146 1615 in
172 1557 474 1611 editionibus

100 1647 364 1715 praecipue
389 1655 509 1688 vero
546 1653 604 1682 ea
642 1647 770 1695 quae
800 1627 860 1673 R.
892 1622 946 1669 P.
977 1612 1191 1665 Ballerin

105 1737 150 1784 in
189 1726 491 1781 editionibus
528 1721 722 1768 Romae
759 1699 1046 1772 impressis,2
1080 1712 1179 1745 non
1206 1691 1369 1740 minus
1395 1693 1512 1732 nota

716 1778 1504 1815 s

823 1845 949 1885 orasis,
979 1846 1130 1875 auctore
1162 1835 1201 1867 P.
1231 1832 1374 1875 Joannc
1407 1824 1516 1857 Petro

832 1893 882 1931 “²2
902 1888 1144 1926 Ratisbonae,
1177 1880 1288 1914 1862:
1325 1871 1453 1908 Editio
1480 1868 1516 1901 in

838 1938 967 1976 Editio
992 1930 1200 1970 novissima
1225 1922 1351 1960 multis
1378 1926 1519 1954 correc-

847 1987 952 2023 Actis
997 1984 1160 2017 Sanctae
1204 1971 1324 2012 Sedis,
1359 1964 1520 2001 maxime

859 2035 914 2069 IX
945 2040 1056 2075 super
1084 2021 1260 2060 Censuris
1288 2019 1403 2052 Latae
1432 2013 1522 2046 Sen-

944 2069 1281 2117 Dumasoejusdem
1300 2057 1498 2099 Societatis
1517 2070 1524 2097 3

180 1873 191 1893 ¹
213 1865 479 1913 Collzpendizmz
522 1860 554 1893 T
552 1855 739 1900 heologiae
775 1850 820 1883 M

114 1925 227 1964 Cury,
249 1919 330 1962 5.J.,
359 1910 487 1947 Editio
514 1908 550 1941 in
580 1898 783 1938 Germania
811 1906 830 1940 3

117 1965 319 2003 Germania
344 1961 406 2003 4¹²⁸,
427 1955 667 1991 Ratisbonae.
695 1946 802 1982 1868:

116 2015 278 2052 tionibus
313 2015 423 2044 aucta
456 2010 492 2037 et
528 1994 812 2035 Recentioribus

120 2054 385 2099 Constitutioni
417 2053 481 2087 SS.
504 2049 605 2083 D.N.
627 2046 752 2088 Papae
783 2036 837 2073 Pii

120 2109 271 2150 tentiae,
290 2097 588 2139 accommodata,
604 2105 625 2127 a
640 2093 685 2126 R.
701 2091 739 2123 P.
758 2083 924 2122 Henrico

195 2205 207 2223 2
228 2196 492 2243 Compendz'um
534 2185 752 2230 Theologiae
780 2177 956 2216 AloraHs,
986 2176 1137 2206 auctore
1173 2165 1214 2199 P.
1235 2163 1380 2207 joanne
1417 2155 1527 2187 Petro

434 2241 440 2247 ’
464 2241 469 2246 “
1039 2218 1044 2223 ”
1139 2220 1152 2248 t
1178 2205 1332 2245 Antonii
1352 2196 1529 2255 Ballerini

145 2489 245 2529 1874.
