1716 2729
178 68 235 98 20
763 55 990 96 Tractatns
1398 54 1492 110 [GU
1499 66 1575 106 RY,

185 173 188 176 ⁴
235 172 302 211 62.
334 172 542 225 Jamvero
554 170 749 222 primum
767 184 824 210 ex
842 170 908 210 his
927 176 1130 223 quatuor,
1146 171 1390 211 secundum
1408 186 1576 221 omnes,

179 240 373 294 pertinet
396 239 451 280 ad
473 238 770 279 voluntarium
792 238 1032 291 positivum
1050 253 1065 278 .·
1097 240 1211 280 circa
1243 239 1409 292 reliqua
1431 245 1579 280 autem

179 308 253 348 alii
277 307 402 347 aliter
423 307 675 359 loquuntur.
739 305 853 346 Sunt
889 307 963 359 qui
1005 320 1056 347 ea
1097 308 1246 347 omnia
1287 313 1493 348 revocent
1523 307 1579 347 ad

180 375 475 416 voluntarium
493 374 755 427 negativum.
789 373 879 413 Alii
894 388 997 414 vero
1011 374 1260 427 negativum
1281 375 1577 416 voluntarium

180 450 342 485 vocant
372 443 513 483 solam
551 442 834 482 omissionem
858 449 1032 494 puram,
1068 457 1194 496 quae,
1223 450 1271 483 ut
1303 451 1461 497 quarto
1485 443 1582 484 loco

181 526 222 552 n.
246 514 314 552 61.
333 511 588 564 expositum
613 516 690 559 est,
717 509 765 551 fit
788 510 881 549 sine
904 510 993 550 ullo
1014 510 1253 551 voluntatis
1287 517 1387 551 actu
1410 525 1419 559 ;
1451 511 1581 551 omis-

181 581 326 620 siones
342 580 474 632 igitur
491 592 604 631 quae
627 577 739 617 fiunt
761 579 956 618 secundo
979 584 1054 619 aut
1068 579 1198 618 tertio
1214 579 1348 619 modo
1363 579 1582 633 exposito,

182 647 275 690 TT.
298 647 326 687 ii
350 652 558 687 revocant
591 646 646 686 ad
679 645 975 686 voluntarium
997 646 1246 698 positivum.
1310 645 1397 699 Qui
1421 647 1582 686 modus

178 715 392 768 loquendi
429 713 627 766 profecto
663 714 1000 766 anteponendus
1046 715 1233 765 videtur,
1276 728 1419 767 neque
1466 715 1582 754 enim

182 783 444 824 omissiones
466 796 543 822 eae
560 782 671 822 fiunt
686 782 778 821 sine
797 782 984 835 positivo
999 784 1193 836 quodam
1213 789 1312 823 actu
1330 783 1581 832 voluntatis,

184 851 260 904 qui
283 850 522 891 earundem
544 863 677 890 causa
698 856 763 890 est
785 849 852 890 vel
873 848 1029 890 saltem
1052 852 1239 891 occasio.

243 919 310 969 63.
345 918 466 958 Num
489 931 592 958 vero
626 915 692 971 (a)
730 918 874 969 reipsa
906 919 1046 971 possit
1078 919 1169 959 fieri
1203 920 1382 960 omissio
1415 920 1474 973 (n.
1497 921 1584 973 61.)

191 995 312 1036 vura,
332 987 437 1026 item
475 985 537 1039 (b)
571 998 689 1034 num,
724 985 758 1025 si
800 985 888 1035 fiat,
920 986 1168 1027 voluntaria
1209 988 1372 1028 censeri
1414 988 1585 1037 debeat,

180 1061 290 1103 ¹sunt
304 1054 586 1107 quaestiones
604 1054 811 1094 acerrime
829 1054 941 1094 inter
957 1054 1051 1094 TT.
1067 1056 1280 1108 agitatae:
1313 1069 1421 1109 quas
1435 1062 1585 1096 tamen

187 1123 257 1163 hic
290 1122 471 1162 omnino
513 1122 917 1174 praetermittimus,
952 1123 1116 1176 quippe
1158 1137 1272 1176 quae
1312 1124 1494 1164 minime
1526 1124 1583 1164 ad

188 1205 315 1232 usum
338 1189 568 1243 spectent.1

245 1260 312 1309 64.
344 1258 656 1299 Voluntarium
689 1264 755 1298 est
791 1260 834 1298 80
865 1265 1102 1310 expressum
1132 1259 1200 1299 vel
1233 1265 1441 1308 tacetum;
1474 1273 1587 1312 quae

186 1336 336 1367 tamen
355 1327 511 1367 divisio
529 1340 616 1366 non
632 1326 809 1379 respicit
825 1326 1122 1367 voluntarium
1141 1327 1298 1379 ipsum,
1314 1327 1390 1366 sed
1409 1334 1584 1367 tantum

187 1396 369 1435 modum
392 1408 479 1447 quo
515 1394 709 1434 exterius
747 1394 1060 1435 manifestatur.
1122 1392 1296 1434 Dicitur
1335 1402 1585 1447 expressum,

188 1465 224 1503 si
269 1463 577 1503 manifestatur
624 1462 779 1512 verbis,
821 1469 896 1503 aut
938 1462 1031 1502 aliis
1066 1462 1217 1515 signis,
1261 1468 1309 1502 ut
1340 1476 1427 1515 vg.
1463 1468 1585 1511 nutu,

187 1538 327 1584 gestu,
344 1538 440 1579 etc.,
463 1544 576 1583 quae
596 1531 749 1577 verbis,
772 1544 829 1570 ex
847 1531 1048 1570 instituto
1069 1530 1139 1570 vel
1159 1544 1217 1570 ex
1241 1544 1319 1570 usu
1341 1529 1585 1578 hominum,

188 1599 478 1652 aequivalent.
541 1598 714 1637 Dicitur
748 1597 936 1646 tacitum,
974 1598 1022 1644 si,
1067 1610 1210 1649 neque
1251 1597 1393 1637 verbis
1444 1611 1585 1651 neque

191 1667 288 1706 aliis
309 1666 562 1718 hujusmodi
587 1665 721 1717 signis
753 1664 1098 1714 manifestatum,
1122 1679 1180 1705 ex
1212 1665 1306 1705 aliis
1328 1671 1476 1705 tamen
1510 1667 1584 1707 ad-

187 1734 351 1788 junctis
373 1733 519 1773 inferri
541 1738 718 1785 potest;
749 1733 810 1772 sic
841 1746 921 1785 v.g.
955 1732 1072 1773 haud
1096 1746 1191 1773 raro
1224 1733 1325 1773 licet
1355 1746 1583 1774 assensum

192 1801 375 1854 alicujus
408 1800 564 1840 inferre
601 1814 659 1840 ex
703 1814 755 1840 eo
798 1800 932 1853 quod,
977 1814 1022 1841 re
1063 1800 1146 1854 ipsi
1189 1802 1428 1854 proposita,
1461 1801 1586 1842 sileat

190 1883 326 1922 quum
349 1868 474 1909 facile
496 1873 656 1921 posset,
679 1868 714 1907 si
736 1867 880 1917 vellet,
916 1868 1162 1908 dissensum
1205 1882 1332 1909 suum
1365 1869 1585 1922 loquendo

188 1936 445 1990 significare.

249 2005 317 2056 65.
352 2005 509 2056 Neque
546 2009 696 2043 tamen
729 2002 952 2043 silentium
991 2017 1048 2043 ex
1079 2017 1174 2043 sese
1205 2004 1452 2056 aequivalet
1482 2020 1584 2046 con-

189 2073 360 2114 sensui:
392 2073 511 2125 quod
534 2072 640 2111 satis
663 2071 857 2111 declarat
889 2070 1039 2124 regula
1067 2070 1175 2123 juris
1207 2072 1403 2113 canonici
1424 2077 1584 2124 44³2-—

191 2140 284 2192 Quz'
322 2146 439 2189 tacet,
482 2153 564 2178 non
593 2138 782 2190 fatetur,
818 2138 894 2177 sed
930 2152 1004 2178 nec
1037 2138 1181 2191 utique
1216 2152 1370 2192 negare
1403 2141 1582 2182 videtur.

189 2208 347 2261 Neque
383 2207 515 2260 igitur
550 2206 688 2246 altera
728 2206 802 2246 illa
837 2206 947 2258 juris
988 2206 1138 2258 regula
1176 2207 1432 2259 43az—Qu2'
1469 2215 1586 2258 tacet,

188 2275 418 2316 consentire
458 2274 639 2323 videtur,
682 2274 825 2315 locum
868 2274 1002 2314 habet
1044 2275 1124 2315 nisi
1175 2276 1322 2316 adsint
1376 2277 1585 2329 adjuncta

189 2343 396 2397 specialia
438 2356 496 2382 ex
533 2341 693 2393 quibus
733 2341 956 2382 silentium
990 2342 1079 2382 vim
1120 2342 1281 2384 habeat
1322 2357 1583 2385 consensum

188 2411 476 2465 significandi.

232 2510 336 2542 lVid.
353 2511 381 2542 si
395 2510 488 2548 libet,
522 2510 653 2546 Suarez,
686 2509 833 2550 Struggl,
867 2509 990 2547 Gonet,
1008 2515 1040 2540 et
1076 2509 1224 2548 Billuart,
1259 2511 1323 2543 loc.
1349 2511 1433 2549 cit.;
1456 2517 1488 2543 et
1511 2512 1582 2543 vid.

189 2554 274 2585 infra
290 2564 322 2585 n.
347 2562 418 2594 192,
439 2553 575 2584 Resolv.
596 2552 655 2590 10⁰,
675 2556 763 2582 nota.
