1716 2729
168 65 221 105 14
749 52 978 93 Tractatus
1384 52 1477 107 [GU
1483 62 1561 103 RY,

163 168 297 209 tribui
338 168 468 208 rebus
509 168 788 218 inanimatis;
819 181 900 221 v.g.
945 174 1090 209 motus
1130 167 1289 221 lapidis
1326 168 1369 208 in
1399 174 1561 209 terram

165 237 364 277 cadentis
386 242 532 289 potest
547 237 631 276 hoc
652 249 782 276 sensu
805 236 1126 278 involuntarius
1157 237 1242 276 dici
1260 250 1268 287 ;
1291 236 1399 276 haec
1413 242 1562 276 autern

163 304 425 358 significatio
446 304 577 353 vocis,
598 309 646 344 ut
668 303 728 343 ait
750 303 1008 353 Suaresius‚1
1028 310 1094 344 est
1114 305 1243 344 valde
1264 304 1504 357 impropria
1519 309 1562 345 et

165 373 386 414 inusitata.
449 372 496 413 Si
521 371 745 424 privative
784 372 1053 426 intelligitur,
1073 373 1292 426 significat
1327 373 1563 414 absentiam

165 441 400 483 voluntarii
423 441 469 481 z'n
488 440 666 493 subjecto
687 440 927 481 voluntarii
945 440 1097 494 capaci,
1118 455 1198 494 vg.
1222 442 1264 480 in
1286 441 1476 482 homine.

223 521 289 560 44.
322 509 387 549 At
422 523 476 548 ne
517 508 600 548 hoc
642 509 833 561 quidem,
870 509 951 548 nisi
999 509 1165 562 aliquid
1199 510 1318 550 aliud
1360 509 1561 559 addatur,

167 583 314 632 potest
334 576 506 629 proprie
532 575 873 616 involuntarium
897 577 1090 627 censeri;
1122 590 1326 630 namque,
1351 584 1398 617 ut
1421 577 1560 617 anim-

167 645 355 686 advertit
399 641 579 693 Alasia,2
611 643 749 684 latum
787 645 1016 685 intercedit
1062 644 1296 685 discrimen
1338 645 1451 685 inter
1482 659 1564 685 non

169 712 462 753 voluntarium
485 719 528 752 et
558 712 900 752 involuntarium
916 728 935 761 ,·
966 713 1130 753 etenim
1163 727 1245 753 mm
1267 714 1563 755 voluntarium

168 787 234 821 est
258 781 309 820 ia'
325 794 447 820 omne
465 780 579 832 quod
595 780 794 820 voluntas
815 794 896 820 non
914 781 1018 830 vult,
1040 781 1120 821 etsi
1142 787 1292 821 tamen
1315 795 1395 821 non
1411 783 1562 823 adver-

169 856 294 889 satur
324 848 574 898 voluntati;
619 848 962 889 involuntarium
996 862 1099 889 vero
1136 849 1310 903 proprie
1343 850 1563 902 significat

172 918 222 957 id
238 917 354 970 quod
371 916 587 957 voluntati
613 916 882 957 adversatur.
947 917 1049 957 Hoc
1069 931 1199 957 sensu
1222 917 1564 959 involuntarium

170 986 328 1026 dicitur
369 998 455 1025 non
489 990 663 1025 tantum
693 985 923 1036 privative,
945 986 1021 1025 sed
1060 992 1103 1026 et
1134 985 1329 1037 positive,
1359 1000 1435 1027 seu
1469 1001 1564 1028 con-

172 1053 316 1101 trarie,
338 1053 466 1092 sumi.
1471 1047 1473 1049 ¹

229 1190 295 1230 45.
329 1177 555 1223 Divisio.
620 1179 984 1228 Involuntarium,
1034 1178 1118 1219 hoc
1167 1193 1298 1220 sensu
1348 1179 1563 1220 strictiore

171 1254 411 1302 sumptum,
467 1247 612 1288 adhuc
663 1247 830 1300 duplex
883 1247 1178 1299 distinguitur,
1219 1247 1562 1288 involuntarium

172 1316 424 1370 simpliciter
443 1321 487 1355 et
506 1315 733 1355 secundum
758 1314 871 1367 quid.

228 1384 295 1435 46.
333 1383 685 1424 Involuntarium
720 1382 972 1435 simpliciter
1003 1382 1110 1422 illud
1142 1388 1208 1423 est
1239 1385 1357 1436 quod
1394 1384 1564 1425 omnino

173 1454 430 1494 adversatur
464 1451 708 1491 voluntatis
749 1451 1118 1500 determinationi,
1157 1451 1247 1491 sive
1280 1452 1440 1492 actuali
1472 1453 1563 1493 sive

172 1520 540 1573 interpretativae‚
574 1519 685 1559 adeo
722 1532 883 1572 nempe
917 1525 965 1559 ut
998 1519 1203 1559 voluntas
1236 1520 1378 1572 reipsa
1419 1520 1563 1562 eliciat

172 1590 440 1631 contrarium
475 1596 636 1638 actum,
667 1594 743 1628 aut
776 1587 933 1628 saltem
971 1587 1145 1628 eliceret
1187 1587 1222 1627 si
1258 1587 1328 1627 hic
1364 1595 1408 1628 et
1447 1603 1562 1630 nunc

174 1659 395 1712 agendum
419 1663 545 1697 esset.
610 1657 884 1710 Exemplum
907 1655 1029 1696 estin
1051 1669 1104 1695 eo
1121 1669 1252 1708 quem
1274 1656 1379 1695 totis
1400 1657 1562 1698 viribus

173 1727 463 1767 reluctantem
519 1725 710 1766 latrones
766 1724 1044 1777 exspoliant:
1094 1723 1200 1764 item
1252 1723 1295 1763 in
1336 1737 1388 1764 eo
1439 1726 1562 1778 cujus

174 1808 392 1844 crumena,
414 1794 509 1847 ipso
540 1794 671 1846 plane
702 1793 850 1842 inscio,
882 1791 1122 1845 surripitur.
1185 1791 1322 1841 Prius,
1347 1797 1395 1832 ut
1427 1799 1562 1846 patet,

174 1865 430 1903 adversatur
465 1862 628 1902 actuali
664 1861 903 1902 voluntatis
944 1860 1328 1900 determinationi:
1375 1860 1562 1903 alterum

174 1933 430 1972 adversatur
464 1930 705 1970 voluntatis
746 1928 1106 1970 determinationi
1146 1933 1319 1968 tantum
1363 1928 1562 1982 interpre-

173 2000 363 2048 tativae,·
410 2012 553 2052 neque
594 1998 709 2038 enim
751 1998 956 2038 voluntas
996 1996 1066 2036 hic
1107 1996 1372 2037 contrarium
1414 2004 1562 2039 actum

174 2068 315 2120 reipsa
338 2067 466 2116 elicit,
491 2067 666 2107 eliceret
687 2072 849 2116 autem,
871 2066 906 2105 si
926 2066 1101 2106 adesset
1123 2065 1182 2105 rei
1203 2066 1490 2108 advertentia.

228 2145 299 2187 47.
336 2135 684 2176 Involuntarium
703 2133 928 2174 secundum
942 2133 1052 2186 quid
1068 2138 1133 2173 est
1150 2132 1256 2173 illud
1279 2135 1397 2187 quod
1411 2135 1564 2177 volun-

172 2205 252 2245 tati
277 2210 492 2256 repugnat
513 2203 661 2256 aliqua
682 2208 880 2255 exparte,
905 2202 981 2241 sed
1014 2213 1101 2240 non
1133 2200 1340 2251 totaliter,
1371 2202 1484 2243 adeo
1515 2218 1565 2254 ut

172 2274 376 2313 voluntas
408 2272 551 2325 reipsa
583 2271 689 2312 illud
722 2271 1027 2324 amplectatur,
1049 2281 1137 2308 non
1169 2274 1318 2309 tamen
1341 2269 1435 2311 sine
1457 2285 1563 2324 qua-

172 2343 275 2382 darn
293 2340 537 2381 renitentia.
600 2339 673 2380 Sic
688 2353 768 2392 vg.
784 2344 907 2379 actus
925 2336 1178 2377 mercatoris
1193 2337 1281 2390 qui,
1298 2343 1563 2391 tempestate

472 2500 481 2520 ¹
501 2503 558 2534 Tr.
577 2503 614 2534 de
638 2502 840 2541 Voluntaria,
863 2502 960 2542 Disp.
980 2510 1009 2533 2.
1030 2505 1106 2532 sect.
1126 2500 1147 2531 i.
1163 2511 1194 2533 n.
1219 2509 1247 2532 1.

476 2546 488 2565 ²
503 2546 554 2576 De
568 2547 640 2577 Act.
659 2546 843 2584 Humanis,
870 2545 962 2577 Diss.
986 2553 1011 2576 1.
1029 2555 1103 2586 cap.
1121 2544 1167 2574 iii.
1184 2555 1217 2575 n.
1237 2553 1269 2575 2.
