1716 2729
169 80 207 106 n.
234 67 319 120 26.]
611 69 662 109 de
683 68 868 110 Actibus
888 70 1128 112 Humanis,
1502 71 1576 122 165

167 183 274 223 bata
297 183 509 225 efficiatur
530 185 657 224 bona.
710 184 847 225 Nulla
869 192 936 226 est
959 188 1178 240 exceptio,
1203 187 1324 228 nulla
1347 187 1577 235 restrictio,

168 267 282 306 quae
305 267 392 293 non
416 254 544 294 fuerit
564 253 684 307 prius
706 253 902 303 definita,
924 254 1045 294 nulla
1067 269 1182 307 quae
1213 256 1349 309 ipsius
1382 255 1576 308 prohibi-

167 322 299 361 tionis
333 322 626 362 substantiam
662 335 750 362 non
783 323 1068 375 ingrediatur,
1105 336 1218 376 quae
1261 324 1354 376 ejus
1397 337 1575 364 sensum

167 403 253 430 non
277 391 542 431 determinet
601 424 608 430 .
669 424 677 432 .

222 469 319 510 450.
351 459 549 512 “Itaque
586 461 782 500 actiones
819 474 932 513 quae
969 474 1057 500 non
1100 467 1307 501 vetantur
1348 463 1430 501 nisi
1473 464 1575 515 quia

166 535 483 569 nocumentum
515 527 718 578 afferunt,
740 543 821 582 v.g.
853 529 1027 577 occisio,
1062 529 1296 577 mutilatio,
1329 530 1576 583 divulgatio

166 598 420 639 defectuum
463 599 670 650 proximi,
708 605 804 648 etc.,
846 605 961 647 sunt,
988 598 1126 651 juxta
1168 599 1343 639 modum
1384 613 1464 652 quo
1505 615 1575 640 eas

154 667 355 719 prohibet
382 667 448 707 lex
467 667 699 715 naturalis,
724 667 958 707 intrinsece
981 673 1024 707 et
1047 673 1263 720 perpetuo
1287 672 1330 708 et
1352 668 1573 708 universa-

164 736 263 776 liter
294 735 449 783 malae,
491 748 631 787 aeque
672 749 723 776 ac
768 736 920 776 odium
964 736 1059 776 Dei.
1124 736 1219 776 Nec
1261 736 1411 777 obstat
1452 739 1572 790 quod

163 805 307 845 bonae
342 805 440 852 sint,
479 804 659 855 quando
696 804 808 844 fiunt
849 805 907 844 ob
949 818 1128 844 causam
1171 806 1450 846 necessitatis
1494 813 1571 846 aut

165 872 368 913 utilitatis
401 871 688 923 sufficientis3
721 886 824 913 narn
862 873 930 911 lex
961 873 1181 913 naturalis
1212 887 1295 913 nott
1326 880 1443 914 vetat
1473 875 1574 915 illas

161 941 421 994 simpliciter,
443 941 520 982 sed
545 948 716 982 tantum
738 941 909 994 quaudo
930 941 1049 982 abest
1070 941 1147 982 illa
1164 941 1296 994 justa
1316 943 1575 983 necessitatis

161 1017 242 1051 aut
261 1010 470 1051 utilitatis
487 1023 616 1051 causa
677 1041 686 1050 .

219 1088 316 1130 451.
350 1078 417 1118 At
452 1092 568 1128 vero,
599 1079 818 1131 “quando
851 1092 959 1119 voce
1001 1085 1078 1119 aut
1119 1080 1291 1133 scriptis
1335 1088 1573 1133 praecepta

157 1147 266 1200 juris
290 1148 501 1188 naturalis
524 1147 798 1200 proferimus,
821 1148 1011 1188 multum
1035 1147 1161 1188 abest
1175 1148 1281 1201 quin
1305 1149 1348 1190 in
1371 1162 1573 1189 sermone

161 1222 314 1256 nostro
346 1216 515 1261 eadem,
535 1216 592 1256 sit
623 1215 926 1268 perspicuitas,
950 1216 1107 1256 eadem
1140 1217 1427 1267 concinnitas,
1459 1231 1573 1270 quae

161 1284 205 1323 in
229 1291 376 1324 mente
400 1284 485 1324 Dei
507 1284 658 1324 omnia
681 1284 810 1324 unico
833 1284 996 1325 intuitu
1028 1299 1080 1325 ac
1112 1285 1322 1325 distincte
1344 1287 1572 1339 conspicit.

163 1353 378 1406 Persaepe
400 1352 720 1406 prohibitiones
743 1352 850 1406 legis
873 1353 1087 1393 naturalis
1105 1367 1194 1393 non
1217 1355 1299 1393 nisi
1322 1355 1365 1393 in
1388 1354 1573 1395 confuso

160 1423 373 1471 videmus,
396 1436 476 1462 nec
511 1421 709 1462 valemus
737 1421 1071 1474 deprehendere
1106 1429 1226 1463 certo
1263 1429 1307 1463 et
1340 1424 1570 1476 sigillatim

159 1504 313 1531 omnes
365 1491 658 1538 conditiones,
701 1504 858 1530 omnes
905 1491 1204 1531 restrictiones
1255 1491 1417 1543 quibus
1465 1499 1569 1532 sunt

157 1560 546 1611 circumscriptae:
579 1559 634 1599 ad
673 1572 897 1600 summum
937 1559 1142 1599 novimus
1175 1559 1310 1600 talem
1343 1561 1565 1601 actionem

157 1642 253 1668 esse
276 1628 439 1667 malam
479 1631 487 1647 ‘
505 1627 750 1677 ordinarie‚’
775 1641 871 1668 esse
894 1627 1058 1668 malam
1093 1631 1103 1648 ‘
1120 1628 1202 1668 nisi
1241 1628 1353 1668 ratio
1377 1630 1567 1669 necessi-

158 1698 262 1737 tatis
285 1703 469 1737 excuset
486 1696 507 1738 :’
540 1710 668 1737 casus
690 1702 839 1737 autem
859 1696 1007 1750 justae
1027 1695 1159 1749 hujus
1182 1697 1460 1737 necessitatis
1484 1711 1566 1738 nec

150 1765 340 1806 «definire
362 1765 575 1818 explicite
598 1779 679 1806 nec
701 1778 960 1805 enumerare
983 1765 1187 1805 novimus

212 1843 313 1885 452.
345 1838 370 1856 “
386 1833 476 1875 Sed
499 1833 674 1874 etiamsi
697 1846 852 1873 omnes
884 1841 928 1874 et
950 1834 1147 1887 singulas
1171 1833 1483 1884 restrictiones‚
1509 1849 1567 1875 ex

155 1903 315 1956 quibus
336 1902 452 1942 actio
480 1908 546 1942 est
569 1901 803 1955 prohibita,
837 1902 1068 1955 perspicue
1106 1902 1296 1941 assecuti
1320 1902 1566 1951 fuissemus,

158 1985 235 2009 nos
259 1971 430 2024 pigeret
451 1970 529 2011 has
552 1984 630 2024 per
650 1969 808 2023 longos
831 1970 1066 2010 verborum
1096 1970 1304 2010 circuitus
1327 1983 1566 2022 exponere.

150 2040 275 2092 ¹Quid
300 2040 432 2092 igitur
453 2038 672 2079 facimus?
735 2038 1054 2078 Restrictiones
1086 2037 1182 2078 illas
1245 2071 1251 2078 .
1314 2071 1322 2078 .
1384 2045 1462 2078 aut
1483 2040 1566 2079 sub

154 2109 296 2148 verbis
347 2108 693 2160 generalioribus
745 2107 1005 2156 indicamus,
1056 2113 1133 2148 aut
1185 2120 1259 2147 eas
1311 2106 1565 2147 nullatenus

155 2177 446 2229 exprimimus
488 2190 706 2217 sermone.
791 2176 995 2216 Dicimus
1036 2189 1121 2229 vg.
1167 2175 1299 2216 ‘Non
1342 2176 1437 2216 licet
1474 2177 1566 2216 sine

134 2245 268 2298 justa
318 2259 446 2285 causa
499 2245 713 2294 occidere,
767 2258 979 2297 usurpare
1030 2245 1149 2285 bona
1199 2244 1407 2297 proximi,
1469 2245 1563 2297 ejus

156 2312 356 2353 defectus
377 2312 629 2366 divulgare,'
661 2319 736 2353 aut
759 2312 1029 2366 simpliciter,
1065 2315 1074 2332 ‘
1091 2312 1193 2353 Non
1215 2313 1312 2352 licet
1341 2313 1554 2362 occidere,

157 2393 367 2433 usurpare
389 2380 506 2421 bona
526 2382 734 2434 proximi,
756 2381 850 2434 ejus
873 2382 1073 2422 defectus
1096 2381 1350 2434 divulgare'
1408 2415 1415 2422 .

214 2459 312 2500 453.
346 2448 506 2502 “Quid
540 2450 597 2489 sit
630 2450 876 2503 imperfecti
915 2451 956 2490 in
996 2450 1081 2490 illis
1115 2450 1326 2502 loquendi
1359 2449 1560 2491 formulis

157 2530 291 2558 nemo
313 2530 401 2557 non
424 2517 557 2558 videt.
619 2518 783 2558 Prima
816 2524 882 2558 est
919 2518 1100 2570 quidem
1138 2518 1380 2558 verissima.
1444 2518 1561 2559 Illud
