1716 2729
143 125 199 174 84
732 125 773 164 T
769 131 963 165 ractatns
1374 124 1555 178 [GURY‚.

141 240 395 290 minaretur,
418 240 537 281 haud
563 241 709 281 minus
731 241 908 282 veritati
931 245 1230 294 repugnarent
1263 246 1331 281 tot
1355 240 1554 294 Scriptu-

143 322 290 349 rarum
313 309 445 358 dicta,
464 323 578 362 quae
600 309 803 350 homines
826 310 1041 350 exhibent
1070 310 1127 351 ab
1149 310 1271 350 omni
1303 309 1553 350 istiusmodi

143 377 514 418 determinatione
536 378 768 420 immunes.

199 445 294 486 206.
331 446 456 486 Idem
481 450 524 486 2⁰
546 447 744 487 ostendit
779 447 891 487 ratio
925 446 1178 499 theologica
1200 460 1335 499 quarn
1369 446 1431 488 sic
1454 459 1555 499 pro-

139 514 223 562 fert
258 513 300 554 S.
339 513 564 555 Thomas:
600 515 771 555 “Haec
809 515 963 566 opinio
1001 513 1170 567 [eorum
1213 515 1288 567 qui
1331 515 1555 555 docebant

139 581 418 622 voluntatem
460 582 654 622 hominis
696 597 754 623 ex
797 582 1041 623 necessitate
1080 583 1245 623 moveri
1288 583 1344 624 ad
1387 583 1553 636 aliquid

140 650 387 703 agendum]
414 657 479 691 est
512 651 763 703 haeretica;
792 651 910 692 tollit
949 652 1065 692 enim
1089 652 1307 692 rationem
1343 652 1487 692 meriti
1512 657 1556 692 et

141 718 344 758 demeriti
382 719 425 758 in
464 719 673 760 humanis
707 721 892 761 actibus.
956 720 1060 759 Non
1099 720 1215 760 enim
1253 721 1428 760 videtur
1461 734 1556 760 esse

142 787 415 827 meritorium
438 788 508 828 vel
539 788 873 829 demeritorium
897 789 1016 841 quod
1050 788 1208 841 aliquis
1242 789 1303 830 sic
1328 802 1386 829 ex
1409 802 1557 829 neces-

139 856 270 896 sitate
312 857 405 909 agit
447 858 567 909 quod
609 858 749 898 vitare
791 872 880 898 non
924 858 1065 910 possit
1107 890 1114 897 .
1160 890 1168 898 .
1212 890 1220 898 .
1264 857 1369 897 Non
1411 857 1556 898 solum

140 925 434 965 contrariatur
467 925 583 975 fidei,
608 927 684 966 sed
721 926 938 966 subvertit
975 927 1125 966 omnia
1162 926 1379 979 principia
1415 925 1556 979 philo-

139 993 323 1047 sophiae
366 994 553 1035 moralis.
619 994 667 1036 Si
705 995 823 1035 enim
861 1008 950 1035 non
987 995 1041 1035 sit
1085 994 1271 1034 liberum
1308 994 1475 1046 aliquid
1513 995 1556 1034 in

140 1062 281 1112 nobis,
306 1063 384 1102 sed
408 1077 465 1103 ex
489 1063 756 1104 necessitate
779 1077 1012 1103 movemur
1034 1064 1090 1103 ad
1112 1063 1366 1112 volendum,
1389 1062 1559 1103 tollitur

143 1131 421 1181 deliberatio,
459 1128 728 1179 exhortatio,
751 1139 1053 1186 praeceptum,
1079 1138 1122 1172 et
1157 1132 1347 1186 punitio,
1382 1138 1424 1172 et
1448 1132 1557 1180 laus,

142 1205 186 1240 et
208 1200 487 1253 vituperium,
509 1200 623 1241 circa
647 1214 762 1253 quae
785 1200 1070 1255 philosophia
1092 1200 1273 1241 moralis
1305 1198 1561 1240 consistit,”²

202 1279 301 1321 207.
338 1265 472 1310 Unde
495 1270 821 1320 Tridentinum‚
843 1284 1013 1311 canone
1031 1284 1164 1322 supra
1183 1270 1240 1322 (n.
1265 1271 1381 1322 200.)
1407 1269 1546 1310 citato

142 1339 410 1379 sententiam
476 1338 766 1389 Novatorum,
818 1340 1014 1392 ipsorum
1075 1339 1220 1379 verbis
1286 1353 1560 1392 expressam,

142 1407 372 1447 damnavit
422 1413 472 1447 ut
521 1407 791 1448 haereticam.
867 1407 1026 1460 Neque
1077 1407 1361 1460 Jansenistae
1414 1408 1560 1460 reipsa

145 1476 331 1517 eludunt
349 1476 589 1516 anathema
606 1476 873 1517 Tridentini.
926 1476 1175 1517 Concilium
1194 1476 1325 1525 enim,
1343 1476 1560 1516 definiens

144 1545 393 1585 doctrinam
439 1544 730 1595 Catholicam‚
767 1545 963 1586 declarat
1007 1558 1054 1585 se
1100 1545 1221 1597 loqui
1255 1545 1310 1584 de
1354 1544 1559 1585 libertate

145 1615 235 1653 veri
258 1614 462 1663 nominis,
486 1620 620 1666 atque
638 1620 773 1666 negat
796 1617 928 1653 “rem
951 1627 1048 1653 esse
1079 1613 1135 1653 de
1168 1612 1264 1652 solo
1297 1612 1462 1662 titulo,''
1482 1619 1560 1653 aut

143 1682 358 1723 “titulum
396 1683 490 1722 sine
524 1681 605 1723 re.'’
668 1683 804 1722 Porro
836 1683 914 1722 vix
951 1682 1113 1734 potuit,
1134 1681 1279 1721 verbis
1314 1682 1560 1734 aptioribus

146 1752 210 1791 uti
233 1752 288 1790 ad
307 1750 638 1791 excludendam
657 1751 926 1791 sententiam
942 1763 1077 1802 quarn
1094 1755 1252 1802 postea
1267 1749 1561 1801 Jansenistae,

150 1820 245 1869 etsi,
281 1826 329 1859 ut
351 1820 536 1869 videtur,
559 1820 614 1859 ad
651 1819 765 1860 hanc
802 1818 1139 1859 damnationem
1179 1818 1447 1867 evitandam,
1483 1832 1561 1858 ex-

149 1885 433 1940 cogitarunt.2
493 1888 652 1940 Neque
674 1889 808 1941 igitur
831 1887 990 1927 mirum
1014 1893 1081 1927 est
1106 1901 1131 1926 a
1164 1886 1381 1926 Romanis
1413 1887 1561 1927 Ponti-

197 2001 209 2020 1
222 2001 275 2031 De
288 2000 392 2031 Malo.
440 2000 575 2040 Quaest.
599 2000 630 2030 6.
649 2006 709 2031 art.
727 2000 814 2031 unic.

197 2044 210 2064 2
226 2044 346 2084 Neque
361 2044 571 2084 Jansenistae
587 2043 697 2084 reipsa
711 2043 779 2074 alio
795 2053 893 2074 sensu
909 2053 1009 2083 quam
1034 2041 1222 2077 Novatores
1237 2042 1403 2082 negabant
1421 2042 1561 2074 liberum

154 2087 301 2119 hominis
328 2087 523 2122 arbitriun1;
552 2098 695 2128 namque
719 2097 760 2117 ne
776 2087 840 2128 ipsi
856 2086 991 2128 quidem
1018 2085 1209 2116 Novatores
1233 2085 1402 2126 negabant
1418 2085 1562 2117 hominis

152 2131 360 2162 voluntatem
384 2131 566 2161 immunem
587 2141 657 2161 esse
681 2142 700 2161 a
720 2131 889 2161 coactione.
937 2129 1037 2169 Quod
1061 2133 1152 2170 patet
1175 2138 1242 2168 v.g.
1260 2139 1298 2159 ex
1323 2129 1433 2160 verbis
1458 2129 1563 2170 ipsius

155 2175 312 2206 Lutheri:
333 2174 420 2214 (Lib.
437 2175 474 2204 dc
493 2174 592 2205 Servo
604 2174 769 2212 Arbitrio)
790 2176 812 2190 “
828 2173 985 2214 Sequitur
1001 2183 1061 2202 nos
1077 2171 1261 2202 necessario
1279 2173 1407 2213 operari
1423 2185 1430 2209 ;
1459 2184 1560 2204 neces-

154 2220 242 2249 sario
258 2218 347 2256 dieo,
366 2228 434 2249 non
457 2223 567 2248 coacte.
618 2241 626 2248 .
674 2241 681 2249 .
733 2241 740 2247 .
789 2217 955 2248 Voluntas
980 2226 1071 2246 mera
1094 2215 1252 2251 lubentia,
1269 2221 1301 2246 et
1327 2216 1503 2256 pronitate,
1524 2227 1562 2248 ac

154 2266 274 2303 sponte
289 2272 359 2300 sua,
378 2262 448 2292 vult
465 2266 496 2292 et
508 2261 598 2298 facit,
619 2271 685 2291 non
699 2264 809 2295 coacte,
822 2271 882 2301 pro
895 2263 1012 2291 natura
1023 2259 1212 2297 voluntatis,
1233 2269 1318 2300 quae
1333 2259 1360 2290 si
1375 2266 1559 2301 cogeretur,

155 2306 310 2336 voluntas
326 2316 393 2336 non
411 2310 495 2336 esset
511 2315 520 2342 ;
537 2315 614 2335 nam
630 2305 746 2335 coactio
762 2304 874 2345 potius
889 2308 948 2339 est,
965 2308 1001 2333 ut
1017 2303 1063 2333 sie
1080 2302 1200 2340 dicam,
1221 2302 1411 2333 7zolmztas.’'
1448 2304 1562 2344 Atque

162 2349 322 2381 Calvinus
338 2348 428 2387 (Lib.
457 2356 486 2378 2.
515 2347 551 2378 de
574 2348 688 2378 Libero
707 2347 892 2383 Arbitriofi
920 2346 993 2377 “Si
1020 2346 1177 2376 coactioni
1200 2346 1381 2387 opponitur
1412 2346 1558 2385 libertas,

155 2393 297 2424 liberum
317 2402 386 2423 esse
415 2391 588 2423 arbitrium
617 2396 649 2422 et
673 2391 777 2421 fateor
801 2396 833 2421 et
859 2393 1048 2421 constanter
1071 2399 1235 2427 assevero,
1255 2400 1293 2420 ac
1318 2400 1378 2429 pro
1393 2390 1562 2421 haeretico

155 2437 265 2467 habeo
290 2436 439 2477 quisquis
466 2445 560 2466 secus
591 2434 722 2465 sentiat.
785 2434 822 2465 Si
853 2433 1095 2474 hoc,i11quam‚
1121 2443 1219 2464 sensu
1247 2433 1387 2464 liberum
1415 2439 1559 2470 vocetur,

154 2480 232 2521 quia
248 2490 315 2510 non
340 2484 476 2520 cogatur
490 2483 545 2509 aut
569 2478 732 2508 violenter
757 2477 907 2508 trahatur
922 2481 1059 2507 externo
1086 2481 1189 2513 motu,
1209 2476 1292 2507 nihil
1316 2475 1464 2507 moror.''
1509 2477 1562 2508 De

153 2524 205 2554 his
237 2523 305 2553 vid.
340 2523 496 2560 Permue,
529 2521 683 2552 Praelcct.
718 2521 925 2561 Theologicae‚
956 2520 1013 2550 Tr.
1038 2520 1076 2550 de
1104 2520 1221 2550 Gratia
1253 2520 1389 2558 Christi,
1415 2530 1450 2550 n.
1483 2520 1559 2557 282,

154 2573 234 2598 not-a
251 2571 286 2597 2⁰
302 2577 308 2602 ;
327 2566 477 2597 Billuart.
501 2566 607 2596 Tract.
624 2565 661 2595 de
683 2566 754 2596 Act.
784 2565 900 2602 Hunc„
921 2563 1008 2594 Dist.
1026 2563 1060 2593 ii.
1079 2568 1139 2594 art.
1156 2573 1199 2603 43
1225 2563 1373 2604 Murray,
1401 2564 1507 2595 Tract.
1527 2564 1565 2594 de

161 2610 291 2648 Gratia,
312 2610 409 2650 Disp.
428 2610 485 2639 vii.
503 2619 559 2640 nn.
580 2615 687 2649 12-54.
