1716 2729
166 60 205 88 n.
234 48 314 102 13.]
391 81 394 84 ,
594 51 645 92 de
664 51 848 93 Actibus
869 53 1106 97 Humanis.
1520 61 1574 111 87

163 173 246 213 nisi
269 174 424 215 latiore
446 188 575 216 sensu
600 189 638 216 n.
663 187 758 228 213.
783 179 991 231 exposito
1012 195 1019 227 ;
1042 183 1217 234 proprie
1239 191 1389 224 autem
1412 185 1573 228 dicitur

164 243 400 285 nescientia.

222 321 317 364 215.
352 313 510 364 Itaque
532 312 680 354 differt
703 314 951 367 zgnorantz'a
980 321 1018 356 1⁰
1039 319 1095 357 ab
1116 333 1272 367 errore,
1296 323 1369 373 qui
1393 323 1572 376 insuper

161 393 310 421 secum
333 379 459 420 affert
488 380 704 433 judicium
741 382 915 432 falsum,
937 398 1026 438 quo
1062 387 1251 439 positive
1287 390 1571 431 existimatur

160 461 251 487 rem
273 448 400 488 aliter
420 462 466 488 se
483 448 646 489 habere
663 463 799 502 quam
817 453 962 505 reipsa
984 468 1031 493 se
1053 453 1189 495 habet
1210 469 1217 495 ;
1241 456 1429 509 ideoque
1452 472 1569 499 error

159 530 332 569 semper
352 516 488 556 habet
510 517 806 568 ignorantiam
830 534 979 562 secum
1003 523 1300 575 conjunctam,
1317 525 1567 578 ignorantia

159 591 308 625 autem
341 591 489 639 potest
524 599 618 625 esse
654 588 748 627 sine
771 603 915 630 errore
936 606 944 641 3
985 592 1046 632 sic
1069 606 1151 645 v-g.
1176 593 1337 634 ethnici
1360 596 1433 647 qui
1458 609 1568 635 nun-

156 666 291 705 quam
314 653 369 693 de
407 653 584 694 Christo
607 656 856 707 audierunt,
890 660 1095 712 ignorant
1133 663 1315 714 quidem
1340 663 1565 705 Christum

156 735 252 761 esse
284 721 443 769 Deum,
466 723 647 764 minime
668 739 772 766 vero
804 728 860 767 de
882 728 964 768 hac
998 743 1042 769 re
1079 738 1236 779 errant,
1260 732 1364 784 quia
1397 733 1565 773 nullum

156 791 338 830 omnino
355 790 571 842 judicium
594 793 649 833 de
672 807 723 834 ea
745 794 991 837 efformant.

215 858 308 899 216.
342 858 504 900 Differt
538 864 584 900 2Ο
603 862 660 902 ab
695 863 1028 914 inadvcrlenticz,
1052 882 1165 921 quae
1201 870 1243 908 in
1278 883 1330 909 eo
1364 871 1565 912 consistit

153 926 274 978 quod
296 927 545 968 intellectus
567 931 623 971 ad
647 944 739 971 rem
762 946 850 972 non
875 936 1080 985 attendit,
1098 936 1189 976 sive
1211 937 1338 978 adest
1360 938 1452 979 sive
1475 953 1563 980 non

152 994 280 1034 adest
302 995 361 1034 rei
384 997 580 1049 cognitio
602 997 851 1041 habitualis.
916 1003 1021 1044 Vid.
1044 1018 1189 1057 supra,
1214 1018 1253 1045 n.
1280 1017 1347 1057 31.

213 1147 304 1189 217.
338 1137 564 1184 Divisio.
591 1141 851 1194 Ignorantia
874 1145 1073 1198 pluribus
1091 1149 1235 1187 modis
1259 1150 1558 1202 distinguitur.

212 1207 305 1245 218.
338 1206 422 1246 Est
449 1210 488 1246 1⁰
512 1209 707 1260 positiva
738 1211 807 1251 vel
841 1213 1056 1265 negativa,
1087 1222 1218 1268 prout
1255 1224 1321 1256 est
1359 1218 1561 1260 absentia

150 1272 362 1313 scientiae
393 1274 558 1316 debitae
588 1284 665 1317 aut
697 1277 919 1320 indebitae.
988 1282 1113 1322 Haec
1148 1284 1281 1336 igitur
1303 1291 1369 1324 est
1401 1286 1560 1327 divisio

151 1339 429 1392 ignorantiae
454 1341 518 1396 (n.
543 1345 664 1399 213.)
689 1360 818 1387 sensu
843 1348 997 1389 latiore
1020 1357 1237 1403 sumptae.

208 1421 304 1462 219.
339 1412 421 1453 Est
443 1418 487 1454 2ο
493 1415 631 1468 juris,
644 1417 713 1456 vel
723 1417 854 1467 facti.
917 1419 1176 1472 Ignorantia
1182 1422 1311 1474 juris
1333 1413 1557 1477 estquum

149 1479 247 1530 quis
279 1480 453 1532 ignorat
485 1483 628 1536 legem
662 1485 866 1536 existere,
889 1494 976 1536 aut,
999 1489 1141 1528 sciens
1175 1489 1320 1543 legem
1352 1493 1560 1545 existere,

148 1547 323 1599 ignorat
352 1562 450 1590 eam
488 1551 809 1605 obligationem
845 1557 1072 1608 quandam
1108 1559 1364 1611 imponere:
1400 1575 1480 1614 vg.
1523 1562 1559 1602 si

147 1617 245 1670 quis
268 1617 444 1670 ignorat
466 1632 561 1659 esse
584 1619 727 1673 legem
747 1621 979 1674 jejunandi
1002 1625 1044 1664 in
1062 1625 1228 1678 Vigilia
1251 1626 1559 1669 Solemnitatis

150 1685 364 1726 Omnium
389 1687 667 1738 Sanctorum,
689 1698 765 1730 aut
794 1691 841 1739 si,
865 1692 1007 1732 sciens
1030 1693 1172 1746 legem
1198 1709 1292 1735 esse
1310 1696 1557 1749 jejunandi,

147 1753 323 1806 ignorat
388 1769 487 1796 eam
539 1758 774 1811 complecti
835 1761 1157 1814 obligationem
1212 1764 1464 1806 abstinendi
1530 1781 1557 1808 a

88 1859 91 1863 ,
148 1823 361 1864 carnibus.
425 1825 684 1877 Ignorantia
694 1828 818 1879 sacti
835 1836 902 1869 est
924 1843 1060 1882 quum
1084 1832 1181 1884 quis
1204 1833 1379 1885 ignorat
1401 1835 1557 1875 adesse

149 1905 200 1930 ea
222 1905 366 1932 rerum
389 1893 600 1946 adjuncta
637 1896 679 1935 in
704 1897 864 1949 quibus
902 1898 1010 1952 legis
1038 1900 1254 1953 obligatio
1276 1910 1460 1955 urgeat:
1494 1903 1556 1945 sic

147 1972 226 2010 v.g.
250 1959 285 1999 si
321 1961 431 2013 quis,
462 1963 602 2014 probe
635 1964 776 2004 sciens
805 1979 831 2005 a
867 1968 1072 2008 carnibus
1109 1969 1425 2010 abstinendum
1460 1984 1557 2012 esse

146 2026 330 2079 singulis
361 2028 477 2069 feriis
511 2031 663 2080 sextis,
683 2033 824 2073 nescit
845 2040 995 2074 tamen
1032 2035 1166 2076 hodie
1189 2037 1343 2078 feriam
1377 2046 1553 2079 sextam

147 2095 578 2149 esse.--Ignorantia
599 2099 726 2152 juris
757 2108 823 2141 est
844 2102 911 2141 vel
944 2102 1054 2154 juris
1075 2104 1223 2145 divini
1241 2107 1310 2146 vel
1340 2107 1554 2155 salmani,-

146 2162 265 2214 prior
296 2164 507 2205 dividitur
542 2167 586 2206 in
627 2169 924 2220 ignorantiam
963 2171 1073 2224 juris
1115 2174 1334 2214 naturalis
1369 2182 1412 2215 et
1445 2176 1554 2228 juris

145 2229 520 2284 dz‘vz‘no-posz‘tz·vz'‚·
552 2235 690 2277 altera
712 2244 779 2278 est
800 2239 869 2278 vel
886 2240 996 2292 juris
1018 2241 1285 2283 ecclesiastici
1304 2243 1370 2283 vel
1401 2244 1553 2284 civilis.

147 2299 217 2339 De
239 2300 398 2352 quibus
420 2304 626 2345 omnibus
648 2306 732 2346 vid.
757 2307 1018 2349 Tractatum
1042 2311 1096 2350 de
1122 2310 1327 2363 Legibus.

205 2377 300 2408 220.
335 2368 418 2409 Est
441 2372 484 2421 3⁰
505 2371 722 2414 vincibilis
745 2375 813 2415 vel
832 2376 1111 2427 invincibilis,
1136 2386 1266 2432 prout
1291 2380 1554 2431 ignorantia,

145 2435 345 2476 adhibita
367 2437 609 2491 diligentia,
631 2443 746 2483 vinci
770 2451 918 2496 potest
939 2445 1007 2484 vel
1031 2460 1129 2486 non.

203 2513 298 2544 221.
333 2505 507 2546 Dicitur
532 2508 707 2560 physice
743 2512 1008 2554 invincibilis
1045 2516 1078 2554 si
1119 2515 1239 2555 nullo
1277 2517 1412 2556 modo
1433 2517 1548 2557 vinci
