1716 2729
194 92 277 135 272
357 81 661 135 Compendium
690 81 731 122 T
727 89 923 123 metatus
942 82 994 123 de
1013 81 1198 123 Actibus
1219 82 1456 123 Humanis.

193 197 321 232 nanda
338 203 395 232 est
416 209 425 239 ;
451 197 612 232 affirmat
629 197 730 232 enim
751 199 811 242 (a)
830 197 1038 243 appetitum
1064 197 1284 232 sensitivum
1309 209 1422 242 posse
1447 197 1548 232 licite
1565 197 1602 232 in

194 256 263 280 sua
290 244 552 285 delectatione,
582 251 621 279 ut
651 244 688 279 in
716 245 801 285 fine,
830 245 1124 290 conquiescere;
1151 244 1263 290 idque
1291 244 1348 289 (b)
1368 245 1406 279 in
1433 246 1605 280 omnibus

193 293 340 328 actibus
358 291 492 337 quibus
511 292 609 326 inest
625 292 812 327 sensibilis
830 292 1041 327 delectatio.
1076 290 1280 337 [636-641.]

242 339 279 374 2⁰
306 339 553 384 Respondent
582 339 872 384 propositiones,
901 340 959 374 vel
987 339 1024 373 in
1053 339 1229 373 clausulis
1255 339 1454 384 prioribus,
1482 339 1606 385 reipsa

196 387 271 422 duo
299 387 485 421 affirmare
516 386 596 421 sine
619 386 754 432 quibus
787 387 960 421 doctrina
996 386 1244 421 Scotistarum
1278 386 1419 431 optime
1453 386 1604 421 defendi

196 440 333 479 potest,
362 434 501 468 etenim
536 433 596 477 (a)
628 446 752 468 sermo
782 441 839 469 est
869 434 916 468 de
951 433 1108 477 actibus,
1141 441 1179 468 ut
1213 445 1283 478 vg.
1314 434 1537 468 comedendi
1569 441 1605 468 et

197 481 364 522 bibendi,
398 481 445 515 de
487 481 622 526 quibus
666 481 866 522 Scotistae,
900 482 1035 516 saltem
1068 481 1171 533 baud
1212 481 1335 526 pauci,
1378 481 1605 516 sententiam

196 540 304 563 suam
337 539 413 563 non
447 535 674 573 proponunt,
693 540 770 563 Slve
805 529 893 572 quia
926 534 1032 563 actus
1067 527 1090 562 ii
1124 528 1341 563 hominibus
1372 539 1457 563 cum
1485 527 1604 563 brutis

195 587 414 610 communes
433 582 531 618 sunt,
550 587 628 610 Slve
640 575 728 620 quia
746 575 929 621 ejusmodi
948 582 1034 610 sunt
1054 575 1142 617 (etsi
1161 575 1313 610 alterius
1326 575 1478 621 quidem
1496 576 1606 620 hujus

194 623 426 675 exceptionis
444 623 539 657 ratio
557 623 681 657 minus
700 623 821 657 solida
835 635 919 658 esse
946 622 1111 666 videtur)
1130 623 1265 668 quibus
1292 623 1493 657 delectatio
1520 623 1610 657 ideo·

194 682 342 705 annexa
359 670 406 704 sit
425 677 463 704 ut
481 669 654 704 homines
672 670 818 704 facilius
845 670 889 705 iis
916 676 1066 705 utantur
1084 683 1092 712 ;
1119 678 1231 715 atque
1259 670 1315 714 (b)
1343 682 1466 704 sermo
1484 676 1540 705 est
1559 670 1606 704 de

196 718 241 752 iis
260 717 322 763 qui
351 717 564 758 comedant,
591 717 708 751 immo
726 717 840 752 etiam
868 718 930 763 qui
957 717 1099 761 bibant,
1129 719 1280 762 “usque
1299 718 1347 752 ad
1364 716 1605 761 satz'etalem,''

196 776 293 810 quae
319 776 389 799 vox
417 764 477 808 (a)
496 764 525 798 si
554 764 739 808 significat
766 765 1000 800 saturitatem
1029 764 1160 809 (atque
1186 766 1320 799 saltem
1347 765 1525 809 ambigua
1550 770 1607 799 est

196 811 368 854 locutio),
396 811 559 846 ostendit
595 812 765 846 illicitum
793 824 876 847 esse
907 819 1033 846 actum
1063 813 1121 846 vel
1149 813 1369 853 comedendi,
1388 823 1501 857 quern
1519 823 1606 857 pro-

196 859 333 904 positio
367 858 510 893 licitum
544 870 628 893 esse
662 860 851 901 affirmat;
877 859 1004 903 immo,
1039 858 1186 893 etiamsi
1222 859 1275 903 (b)
1310 859 1458 893 mitiore
1493 871 1606 893 sensu

196 906 437 951 intelligatur,
456 906 503 940 de
521 917 566 940 eo
592 913 738 941 tantum
756 907 857 952 quod
882 906 974 941 satis
1000 913 1056 941 est
1082 907 1131 941 ad
1156 906 1364 951 appetitum
1383 906 1606 949 sedandum,

196 954 320 988 adhuc
354 953 571 998 propositio,
606 961 645 988 ut
679 955 872 999 profertur,
906 955 1017 999 plane
1050 954 1145 988 falsa
1179 961 1256 996 est3
1300 954 1462 988 affirmat
1505 953 1606 988 enim

196 1001 340 1036 licitum
370 1012 454 1036 esse
482 1013 677 1046 quousque
704 1001 830 1043 bibere,
849 1008 887 1036 ut
915 1001 975 1035 vix
1003 1001 1081 1035 fieri
1109 1001 1228 1046 possit
1253 1001 1342 1046 quin
1370 1008 1490 1046 potus,
1510 1000 1541 1035 si
1559 1000 1606 1035 sit

197 1048 399 1092 inebrians,
417 1048 638 1083 ebrietatem
656 1048 819 1083 inducat.
846 1047 1051 1093 [642-651.]

244 1096 305 1131 Ad
336 1102 388 1139 4¹¹1
416 1096 700 1130 Thomistarum
727 1103 1001 1141 argumentum,
1020 1095 1247 1141 quibusdam
1269 1094 1480 1140 [652—660.]
1502 1106 1606 1139 prae-

198 1143 335 1209 missis,
353 1150 438 1234 sur]1t
461 1142 499 1177 1Ο
520 1142 582 1188 qui
600 1149 739 1188 negent
757 1150 898 1178 textum
918 1143 1202 1188 intelligendum
1227 1155 1311 1177 esse
1330 1143 1376 1177 de
1394 1149 1608 1188 praecepto.

199 1191 297 1234 L661,
318 1191 398 1225 662.

248 1238 288 1272 2⁰
314 1237 388 1272 Alii
406 1238 636 1283 respondent
653 1244 855 1283 praecepto
874 1237 1045 1273 satisfieri
1064 1249 1179 1283 quum
1198 1237 1280 1283 quis
1299 1238 1397 1272 licite
1413 1243 1511 1282 agat,
1530 1236 1609 1271 sive

199 1292 305 1320 actus
323 1284 424 1329 boni,
444 1286 522 1320 sive
541 1285 795 1320 indifferentes
814 1285 899 1320 sint.
929 1285 1026 1330 [663,
1045 1283 1142 1330 664]

248 1339 283 1376 30
307 1333 407 1367 Vero
426 1339 461 1367 et
480 1332 691 1377 praecipue,
710 1333 1017 1377 respondendum
1035 1340 1103 1373 est,
1122 1344 1167 1367 ex
1184 1331 1354 1367 doctrina
1372 1332 1409 1366 S.
1425 1332 1608 1374 Thomae,

200 1387 443 1425 praeceptum
470 1379 561 1414 illud
587 1392 663 1414 non
690 1380 838 1414 differre
864 1392 886 1414 a
911 1387 1114 1425 praecepto
1141 1379 1347 1420 charitatis,
1374 1379 1475 1424 quod
1494 1390 1608 1424 quum

200 1427 426 1472 adimpletur
459 1427 572 1461 efficit
605 1439 681 1461 non
724 1427 874 1473 quidem
910 1435 949 1462 ut
983 1434 1100 1471 actus,
1143 1427 1309 1472 alioquin
1339 1426 1609 1467 indifferentes,

202 1475 293 1509 fiant
320 1474 512 1509 moraliter
537 1475 625 1508 boni
652 1474 719 1518 (ad
746 1475 846 1519 quod
873 1475 1026 1520 quidem
1052 1475 1219 1520 profecto
1250 1473 1448 1519 requiritur
1477 1473 1610 1509 relatio

202 1522 385 1556 virtualis
402 1521 587 1566 ejusmodi
606 1529 645 1556 ut
664 1533 781 1566 agens
800 1523 943 1557 censeri
962 1525 1081 1567 possit
1108 1524 1251 1556 virtute
1268 1521 1364 1555 illius
1383 1521 1523 1565 agere),
1541 1521 1609 1556 sed

202 1576 241 1604 ut
269 1576 388 1610 actus,
415 1569 581 1614 alioquin
612 1569 802 1603 moraliter
829 1569 929 1613 boni,
958 1571 1146 1604 meritorii
1178 1569 1268 1603 fiant
1298 1568 1453 1613 praemii
1482 1580 1608 1613 super-

202 1616 381 1651 naturalis
401 1628 407 1650 :
433 1617 530 1650 adeo
558 1616 710 1661 quidem
729 1623 768 1650 ut
799 1623 920 1651 textus
938 1616 1092 1651 minime
1110 1616 1285 1661 respiciat
1304 1615 1609 1658 controversiam,

202 1664 250 1698 de
283 1675 357 1708 qua
387 1663 447 1698 hic
489 1663 621 1707 agitur,
658 1664 705 1698 de
738 1663 920 1698 relatione
963 1663 1173 1698 istiusmodi
1216 1674 1329 1708 quam
1371 1669 1607 1707 propugnent

201 1710 422 1745 Thomistae
459 1709 801 1755 [665-672].—Hoc
836 1711 946 1755 igitur
981 1718 1080 1745 textu
1114 1710 1391 1756 praetermisso,
1427 1710 1608 1744 solvenda

201 1764 258 1792 est
277 1758 447 1803 quaestio
465 1770 509 1791 ex
535 1758 765 1802 argumentis
784 1758 901 1792 tribus
928 1758 1124 1803 prioribus,
1151 1769 1246 1802 quae
1272 1758 1383 1802 plane
1410 1757 1609 1791 ostendere

200 1805 373 1896 videifftur
391 1805 524 1839 saltem
551 1805 661 1849 longe
679 1805 970 1849 probabiliorem
996 1817 1079 1840 esse
1106 1804 1330 1839 sententiam
1351 1803 1607 1838 Scotistarum.

250 1899 425 1944 Denique
468 1911 513 1933 ex
545 1899 712 1943 pluribus
749 1900 786 1933 S,
820 1900 991 1934 Thomae
1025 1899 1186 1934 textibus
1221 1899 1430 1933 ostenditur
1463 1905 1609 1933 tantum

201 1946 335 1981 abesse
361 1953 400 1980 ut
427 1946 506 1991 ipse
534 1947 677 1980 Doctor
701 1946 905 1990 Angelicus
932 1953 1112 1989 agnoscat
1139 1946 1407 1991 obligationem
1426 1946 1609 1980 referendi

201 2000 318 2037 actus,
345 2005 458 2039 quam
485 1994 545 2027 hic
573 2000 812 2038 propugnant
838 1994 1072 2035 Thomistae,
1097 2000 1135 2028 ut
1163 2001 1292 2028 contra
1322 2000 1449 2039 aperte
1475 1993 1610 2027 doceat

201 2048 307 2076 actus
327 2040 550 2081 istiusmodi,
569 2041 615 2075 de
634 2040 768 2086 quibus
787 2040 847 2075 hic
866 2048 1007 2085 agatur,
1029 2042 1224 2075 moraliter
1238 2042 1346 2075 bonos
1363 2052 1446 2075 esse
1465 2052 1509 2074 eo
1527 2040 1612 2085 ipso

203 2089 303 2134 quod
329 2099 404 2122 non
433 2087 506 2122 sint
540 2087 640 2122 mali.
670 2087 1071 2133 [674-688.]—Neque
1090 2096 1216 2123 tamen
1236 2088 1444 2123 omittenda
1462 2095 1518 2122 est
1549 2087 1612 2122 illa

203 2135 344 2170 relatio.
373 2133 575 2180 [689-692.]

843 2289 986 2320 FINIS.

629 2535 790 2558 1ROWNE.
809 2535 853 2557 El
871 2534 1010 2561 NOLAN,
1030 2534 1185 2557 DUBLIN.
