1716 2729
138 133 210 161 nn.
235 122 287 161 28
307 134 316 171 ;
342 131 406 172 31,
430 119 514 174 32.]
569 118 620 160 de
639 118 822 160 Actibus
842 118 1080 162 Humanis.
1463 135 1541 164 211

136 242 216 276 aut
243 236 447 276 mulieres
479 235 658 283 otiosas,
681 248 769 275 non
802 235 921 288 quod
952 236 1119 289 aliquid
1151 238 1254 279 mali
1287 244 1434 292 agant,
1466 240 1544 280 sed

137 304 257 356 quia,
289 303 555 357 posthabitis
592 316 706 356 quae
738 303 803 343 sui
836 309 939 344 sunt
971 306 1177 354 muneris,
1210 306 1339 346 rebus
1370 307 1543 349 indiffe-

140 373 349 422 rentibus,
372 378 420 413 ut
442 371 888 421 confabulationibus,
915 373 1363 424 deambulationibus,
1386 382 1430 416 et
1452 376 1548 418 aliis

140 440 368 489 similibus,
410 454 538 493 neque
588 439 707 480 bom&
747 454 879 492 neque
928 455 978 481 ex
1010 456 1070 482 se
1119 442 1261 491 malis,
1303 443 1545 497 indulgent.

143 509 264 562 Ergo
304 509 464 550 dicitur
504 508 695 549 otiosum
738 508 790 549 id
832 509 904 549 cni
942 524 1024 550 non
1067 511 1299 563 apponitur
1337 511 1469 553 bonus
1508 520 1549 553 ct

134 576 336 617 honestus
346 575 505 631 fi722's.'’

198 647 248 686 61
263 657 292 687 1.
328 646 533 699 Denique
557 649 643 697 3⁸¹⁸,
666 645 701 686 si
723 645 798 698 qui
817 646 904 687 sint
921 647 995 699 qui
1015 647 1122 688 illud
1142 656 1317 702 negent,
1336 650 1550 703 probatur

139 728 198 755 ex
221 729 273 755 eo
290 715 410 767 quod
427 715 491 754 “si
508 714 691 754 verbum
710 715 902 755 otiosum
921 716 978 756 sit
998 716 1178 767 malum,
1194 718 1288 771 pari
1312 725 1356 759 et
1377 719 1547 772 potiore

126 783 310 823 ratione
332 782 498 823 malurn
522 789 588 823 est
611 783 803 823 otiosum
822 797 945 837 opus,
962 798 1099 837 quum
1119 786 1353 839 utrobique
1370 793 1547 841 tempus

138 857 307 891 teratur
341 851 566 900 inutiliter,
587 857 631 891 et
659 850 833 903 jactura
855 853 1026 893 otiosae
1059 854 1119 893 rei
1151 854 1207 894 sit
1240 855 1382 908 major
1412 869 1547 909 quam

136 920 354 960 damnum
377 920 508 960 otiosi
531 918 707 960 verbi.”1
770 920 904 961 Unde
929 921 973 962 S.
1000 922 1319 976 Hieronymus²
1340 925 1427 966 ait:
1462 928 1484 944 “
1500 924 1548 967 Si

134 989 191 1029 de
213 989 358 1029 verbis
380 989 534 1030 otiosis
563 989 764 1030 redditur
792 990 916 1040 ratio,
946 998 1116 1044 quanto
1146 993 1288 1046 magis
1320 994 1375 1034 de
1406 995 1547 1048 operi-

137 1057 220 1097 bus
237 1054 277 1097 ?'’

192 1126 290 1165 612.
326 1125 713 1178 Argumentantur
734 1126 999 1168 Thomistae
1023 1132 1065 1175 3⁰
1088 1143 1146 1168 ex
1169 1131 1547 1183 propositionibus

134 1196 179 1235 8²²
200 1201 243 1235 et
265 1199 313 1246 9ἃ
333 1195 556 1235 damnatis
580 1194 635 1235 ab
661 1188 923 1236 Innocentio
948 1196 1033 1237 XI.
1089 1197 1340 1252 Propositio
1359 1201 1419 1239 89ηι
1436 1199 1544 1240 haec

133 1269 201 1303 est
218 1267 310 1303 :—“
326 1262 572 1304 Comcdere
593 1268 637 1303 et
654 1263 804 1303 bibere
823 1278 963 1317 usque
982 1265 1038 1305 ad
1056 1266 1310 1307 satietatem
1330 1267 1386 1308 ob
1404 1268 1544 1308 solam

132 1331 409 1384 voluptatem
429 1345 516 1371 non
535 1337 601 1372 est
617 1338 863 1384 peccatum,
882 1332 1016 1373 modo
1035 1347 1122 1373 non
1141 1335 1256 1375 obsit
1274 1336 1516 1376 valetudini
1536 1351 1545 1387 ;

132 1400 238 1453 quia
269 1400 388 1440 licite
419 1405 567 1449 potest
598 1401 824 1453 appetitus
857 1401 1068 1442 naturalis
1101 1403 1191 1442 suis
1225 1404 1395 1444 actibus
1422 1404 1543 1445 frui.”

130 1468 286 1521 Atque
326 1470 373 1519 9ει
414 1471 584 1508 estz-“
604 1468 731 1521 Opus
765 1468 959 1522 conjugii
997 1470 1054 1509 ob
1091 1470 1230 1510 solam
1265 1472 1543 1525 voluptatem

127 1537 375 1578 exercitum
399 1536 520 1576 omni
544 1536 721 1589 penitus
744 1545 864 1576 caret
887 1537 1019 1590 culpa
1043 1551 1092 1577 ac
1116 1538 1290 1579 defectu
1314 1538 1512 1580 veniali.'’

187 1605 283 1656 613.
315 1604 525 1657 Jamvero
548 1605 672 1644 aiunt
704 1604 968 1645 Thomistae
1001 1606 1168 1646 nullam
1203 1608 1387 1648 inveniri
1411 1623 1541 1662 posse

130 1673 346 1714 rationem
380 1686 456 1713 cur
487 1673 812 1726 propositiones
843 1673 946 1713 illae
983 1675 1185 1715 damnari
1224 1676 1429 1726 debeant,
1458 1677 1541 1717 nisi

128 1742 232 1795 quia
265 1741 467 1782 illicitum
500 1741 556 1781 sit
588 1754 719 1794 agere
750 1741 808 1782 ob
843 1741 984 1782 solam
1017 1742 1309 1797 voluptatem,
1334 1758 1423 1794 seu,
1445 1745 1540 1786 aliis

128 1809 288 1859 verbis,
331 1811 388 1849 ob
430 1809 773 1850 delectationem
817 1810 1084 1851 sensibilem.
1162 1810 1282 1865 Ergo
1324 1812 1539 1866 obligatio

130 1891 265 1930 quarn
300 1882 598 1930 propugnant,
626 1876 842 1917 referendi
878 1884 1001 1918 actus
1037 1878 1080 1918 in
1115 1878 1248 1920 finem
1283 1880 1536 1932 honestum,

126 1944 414 1998 agnoscenda
436 1951 512 1985 est.

186 2003 282 2053 614.
316 2002 522 2056 Denique
541 2005 587 2053 4⁰
608 2002 652 2042 in
673 2002 863 2056 gratiam
885 2002 1016 2055 hujus
1039 2005 1284 2045 sententiae
1302 2019 1534 2058 argumen-

127 2077 279 2112 tantur
300 2068 514 2111 nonnulli³
536 2084 594 2111 ex
615 2071 760 2111 verbis
783 2070 992 2125 Apostoli
1016 2072 1055 2125 (1
1083 2072 1176 2114 Cor.
1195 2088 1236 2114 x.
1257 2074 1413 2126 31)—“
1429 2075 1534 2116 Sive

127 2153 233 2193 ergo
272 2138 564 2188 manducatis,
611 2139 702 2179 sive
743 2139 907 2189 bibitis,
948 2140 1038 2181 sive
1075 2140 1195 2182 aliud
1231 2142 1337 2195 quid
1374 2142 1530 2194 facitis,

125 2207 277 2248 omnia
297 2207 341 2247 in
362 2206 549 2260 gloriam
571 2205 657 2247 Dei
678 2204 849 2248 facite.''

184 2276 286 2328 615.
320 2276 395 2316 Ex
417 2275 576 2328 quibus
599 2281 967 2328 argumentantur
997 2276 1223 2318 hominem
1256 2279 1394 2318 teneri
1427 2293 1529 2320 suos

126 2350 251 2385 actus
284 2357 460 2397 semper
492 2344 536 2383 in
572 2343 707 2384 finem
743 2343 981 2385 honestum
1019 2345 1204 2396 referre;
1249 2360 1385 2398 quum
1420 2349 1527 2388 satis

339 2491 353 2512 1
370 2491 520 2530 Billuart,
545 2492 601 2523 Tr.
618 2491 655 2523 de
668 2494 743 2524 Act.
761 2494 946 2533 Hzmmnis,
965 2495 1056 2527 Diss.
1075 2506 1106 2536 4.
1125 2502 1187 2528 art.
1206 2495 1239 2528 6.

339 2536 353 2556 2
370 2536 414 2566 ln
430 2536 558 2566 Psalm.
580 2535 630 2567 16.

340 2579 353 2599 ³
370 2579 449 2610 Vid.
467 2579 642 2611 adnotatio
659 2579 695 2612 P.
716 2580 876 2613 Ballerini
892 2581 926 2614 in
943 2582 1046 2623 Gury,
1067 2583 1156 2614 Part.
1177 2584 1199 2614 i.
1217 2594 1252 2615 n.
1270 2592 1323 2624 24.
