1716 2729
91 127 131 153 n.
158 112 242 167 20.]
538 113 590 153 de
607 112 792 154 Actibus
812 113 1054 154 Humanis,
1412 123 1425 150 1
1436 122 1457 162 3
1465 122 1487 161 3

85 230 127 269 vi
169 242 425 283 oppressam
468 228 605 269 teneri
647 228 811 269 viribus
858 229 993 269 etiam
1037 227 1231 280 corporis
1273 233 1489 279 quantum

87 298 227 350 possit
249 293 480 337 resistere.¹

146 367 239 417 348.
273 366 347 405 Ex
370 365 499 405 dictis
521 370 646 417 patet
667 365 850 405 omnino
872 364 1240 417 distinguendum
1264 377 1358 403 esse
1382 364 1494 403 inter

87 434 177 474 vim
200 440 243 474 et
265 440 432 474 metum.
497 432 616 473 Nam
644 436 683 472 1⁰
705 433 773 473 vz‘s
803 439 871 473 est
907 431 1116 485 impulsio
1148 431 1205 471 ab
1243 431 1493 471 extrinseco

87 503 220 552 illata,
255 516 397 556 neque
435 502 477 542 in
516 502 714 542 animum
747 502 864 555 agit;
905 507 1041 542 metus
1072 513 1176 540 vero
1215 505 1281 539 est
1318 499 1495 540 affectio

86 572 222 613 animi
262 576 419 611 exorta
463 585 521 611 ex
573 570 926 624 apprehensione
978 569 1082 610 mali
1135 568 1225 608 sive
1277 581 1353 620 per
1405 569 1493 608 vim

87 640 300 680 inferendi
323 639 414 679 sive
436 638 523 679 alio
545 639 701 693 quovis
726 638 861 678 modo
884 637 1083 678 eventuri
1105 651 1113 677 :
1139 639 1182 676 2⁰
1204 635 1272 675 vis
1293 649 1379 675 non
1404 637 1497 689 agit

88 709 170 749 nisi
206 714 423 761 quatenus
458 707 604 761 reipsa
637 720 846 761 praesens
884 706 1094 756 infertur3
1130 711 1268 745 metus
1294 705 1498 757 provenit

87 791 145 818 ex
167 776 518 831 apprehensione
541 776 645 816 mali
667 776 736 816 vel
759 782 916 829 postea
930 774 1129 815 eventuri
1151 788 1159 814 :
1184 776 1227 825 3⁰
1249 787 1362 827 quae
1386 773 1498 813 fiunt

88 848 136 887 vz'
155 852 341 900 cogente
355 852 459 886 sunt
481 847 663 887 omnino
678 845 975 887 involuntaria
995 860 1004 892 ;
1029 857 1143 898 quae
1159 843 1270 884 fiunt
1294 858 1351 884 ex
1375 850 1499 892 metu,

88 923 190 957 sunt
223 916 411 969 saepius,
445 921 493 956 ut
529 912 678 970 supra2
698 916 901 965 vidimus,
935 914 1210 954 voluntaria:
1253 914 1314 954 sic
1349 927 1430 966 vg.
1463 913 1499 953 si

87 985 196 1037 quis,
221 998 354 1025 manu
378 985 557 1026 alterius
579 985 686 1025 totis
709 984 874 1024 viribus
898 983 1140 1023 resistentis
1174 989 1361 1036 arrepta,
1386 982 1499 1023 illius

87 1066 250 1093 nomen
292 1059 562 1094 testamento
604 1051 864 1101 subscribat,
906 1051 990 1091 hoc
1033 1050 1082 1091 fit
1115 1065 1193 1104 per
1228 1051 1330 1100 vim,
1366 1056 1502 1102 atque

88 1121 296 1163 scribenti
331 1123 513 1163 omnino
544 1122 891 1163 involuntarium
929 1126 1023 1170 est;
1058 1120 1093 1159 si
1116 1121 1214 1173 quis
1235 1133 1339 1160 vero
1375 1117 1501 1158 alteri

91 1191 282 1231 minetur
304 1197 492 1231 mortem
516 1190 599 1231 nisi
632 1195 951 1231 testamentum
975 1187 1191 1238 conficiat,
1215 1202 1304 1241 quo
1337 1193 1501 1241 perter-

91 1259 198 1298 ritus
240 1259 312 1299 ille
352 1273 515 1300 nomen
557 1259 818 1307 subscribat,
861 1258 904 1297 id
937 1256 986 1297 fit
1028 1271 1106 1310 per
1137 1264 1306 1305 metum,
1351 1262 1501 1308 atque,

92 1327 334 1367 secundum
383 1327 599 1381 principia
649 1341 784 1380 supra
831 1326 1010 1375 tradita,
1065 1325 1364 1365 volmctarz'mn
1406 1338 1502 1364 esse

93 1401 241 1448 potest
292 1395 555 1448 simpliciter,
609 1396 691 1436 etsi
750 1393 1098 1435 involuntarium
1155 1399 1222 1433 est
1272 1393 1504 1433 secuudum

95 1464 235 1516 quid.ss

153 1590 245 1631 349.
280 1579 565 1626 Divisio.—
580 1580 805 1629 Violentia,
846 1586 890 1619 et
927 1579 1028 1619 ideo
1058 1578 1302 1627 violentmn,
1334 1578 1504 1631 duplex

91 1649 306 1702 distingui
328 1648 442 1688 solet
461 1663 469 1691 :
501 1650 743 1691 absolutum
767 1663 843 1689 seu
865 1648 1122 1701 simpliciter
1142 1649 1325 1697 dictum,
1350 1655 1394 1688 et
1415 1661 1506 1688 con-

92 1718 353 1758 ditionatum
394 1731 471 1758 seu
507 1719 735 1759 secundum
766 1718 882 1771 quid.
947 1717 1075 1771 Quae
1116 1717 1297 1770 quidem
1336 1717 1507 1767 divisio,

94 1801 231 1841 quum
273 1788 477 1841 respiciat
519 1789 668 1842 potius
703 1789 888 1829 modum
926 1801 1015 1841 quo
1059 1787 1172 1828 fiunt
1207 1801 1259 1827 ea
1297 1787 1353 1827 ad
1393 1800 1508 1839 quae

94 1858 404 1910 extorquenda
425 1859 491 1898 vis
529 1859 723 1908 infertur,
746 1872 880 1911 quam
903 1858 993 1898 vim
1026 1858 1168 1911 ipsam
1194 1858 1235 1897 in
1259 1871 1306 1897 se
1338 1863 1508 1909 specta-

96 1932 201 1976 tam,
242 1927 341 1968 ideo
384 1929 592 1969 convenit
629 1942 727 1969 earn
771 1928 827 1968 de
869 1928 1051 1968 violento
1092 1927 1240 1980 potius
1283 1940 1417 1980 quam
1452 1926 1509 1966 de

96 1998 310 2048 violentia,
332 2013 567 2052 exponere.

157 2076 256 2118 350.
291 2067 449 2120 Itaque
470 2067 715 2109 violentum
749 2067 1003 2117 absolutum,
1025 2080 1101 2107 seu
1137 2066 1391 2120 simpliciter
1420 2065 1510 2105 dic-

97 2141 204 2181 tum,
228 2141 295 2175 est
317 2135 361 2176 id
383 2136 503 2188 quod
525 2136 567 2177 vi
590 2142 767 2177 tantum
791 2136 1044 2176 extrinseca
1068 2135 1265 2184 efficitur,
1282 2134 1511 2175 voluntate

98 2203 222 2244 nullo
257 2204 392 2243 modo
423 2205 755 2245 consentiente:
787 2210 837 2244 ut
871 2216 958 2256 v.g.
993 2203 1037 2242 in
1074 2202 1295 2255 exemplis
1333 2215 1375 2241 n.
1416 2212 1510 2252 344.

97 2271 257 2312 allatis.
332 2271 589 2313 Violentum
629 2271 980 2320 conditionatum,
1019 2285 1094 2312 seu
1130 2270 1358 2311 secundnm
1395 2268 1511 2321 qnid,

142 2399 150 2418 ¹
169 2398 246 2429 Vid.
262 2408 326 2439 v.g.
349 2399 382 2429 S.
403 2398 519 2438 Alph„
540 2398 615 2429 Lib.
631 2408 662 2438 4.
687 2404 784 2430 tract.
803 2408 833 2437 4.
874 2399 927 2429 De
951 2397 1133 2439 Praecepn's
1155 2396 1324 2436 Decalogz}
1351 2406 1405 2426 nn.
1428 2394 1505 2434 368,

96 2450 173 2482 430.
189 2485 195 2491 ⁸
223 2441 374 2479 BiUuart,
403 2441 458 2472 Tr.
474 2441 512 2471 de
532 2442 606 2472 Act.
632 2442 818 2478 Iiumanz's,
836 2441 925 2473 Diss.
948 2450 974 2472 1.
992 2447 1054 2472 art.
1071 2440 1130 2478 vi.⁷
1150 2445 1183 2471 et
1199 2439 1272 2470 aliis
1288 2439 1370 2470 locis
1387 2439 1513 2470 ibidem

101 2486 252 2560 relzanssih'
272 2532 381 2566 antea,
402 2537 458 2558 nn.
476 2527 633 2567 326-336.

145 2572 158 2592 3
175 2571 255 2603 Vid.
276 2571 406 2612 Crolly‚
427 2572 475 2602 De
493 2571 632 2611 Justztia
646 2575 674 2602 et
686 2571 785 2613 Jure,
804 2570 884 2602 Vol.
902 2571 937 2601 ii.
956 2581 991 2602 n.
1014 2570 1086 2610 146.
