1716 2729
216 87 273 139 64
798 84 886 126 Tra
891 91 1028 125 clatus
1434 85 1528 140 [GU
1534 96 1614 137 RY,

217 207 434 256 quatenus
456 201 658 242 similem.
720 204 740 221 “
759 200 920 255 Quaeri
943 200 1054 241 solet
1085 214 1140 240 an
1163 200 1347 255 fugienti
1375 200 1549 243 hostem
1567 208 1611 243 et

217 275 406 311 mortem
447 269 576 310 liceat
613 270 818 323 prosequi
851 282 1037 318 cursum,
1068 271 1249 322 quando
1280 270 1433 311 obvius
1463 277 1530 312 est
1566 271 1609 311 in

218 345 408 393 angusto
443 339 597 379 itinere
632 338 786 387 infans,
824 336 892 378 vel
929 336 1124 388 claudus,
1155 352 1286 391 quem
1321 338 1421 391 equi
1458 353 1609 380 cursus

219 413 430 449 conteret.
505 407 685 458 Negant
726 406 812 446 alii.
876 435 884 444 .
945 438 954 445 .
1027 405 1120 446 Alii
1163 406 1318 447 melius
1360 407 1611 458 affirmant;

218 483 263 518 et
283 477 494 530 probatur
515 490 572 516 ex
595 476 735 524 dictis,
758 474 863 527 quia
884 473 999 514 actio
1022 473 1106 523 illa,
1135 489 1211 528 per
1242 489 1300 523 se,
1324 481 1366 516 et
1389 489 1447 515 ex
1470 476 1609 516 inten-

217 545 337 585 tione
373 545 557 596 agentis,
595 557 681 583 non
715 543 942 582 ordinatur
983 544 1038 583 ad
1071 543 1361 584 occidendum
1394 543 1608 584 infantem

216 614 284 654 vel
321 613 527 654 claudum
565 612 799 664 jacentem,
833 612 909 652 sed
951 613 1007 652 ad
1044 612 1300 653 salvandam
1332 613 1467 654 vitam
1509 627 1607 667 pro-

217 682 359 734 priam
396 681 605 734 fugiendo
642 694 718 732 per
753 680 869 720 viam
909 693 1204 732 communem,
1229 682 1286 722 ad
1317 682 1437 735 quod
1469 681 1605 723 habet

214 749 299 802 jus,
327 748 544 803 [adhibita
566 748 717 800 utique
746 747 976 801 diligentia
1007 749 1127 788 omni
1158 762 1272 802 quae
1302 755 1449 802 potest
1480 750 1522 790 in
1554 750 1605 790 iis

218 832 361 859 rerum
384 817 604 870 adjunctis
627 817 836 866 adhiberi,
860 817 915 857 ad
938 816 1150 857 infantem
1167 817 1235 857 vel
1258 817 1464 858 claudum
1483 818 1610 858 relin-

218 887 444 939 quendum
467 884 753 940 incolumem]
773 899 781 936 ;
806 891 850 925 et
867 899 943 938 per
960 886 1161 926 accidens
1183 892 1249 926 est
1264 888 1381 939 quod
1404 892 1613 940 sequatur

218 957 431 996 damnum
460 955 597 1004 alteri,
634 956 752 1008 quod
790 961 837 995 tu
870 968 949 994 nec
978 961 1026 994 ut
1058 954 1202 1004 finem,
1225 968 1304 995 nec
1327 962 1376 995 ut
1412 956 1605 996 medium

218 1025 354 1079 eligis,
369 1026 445 1066 sed
459 1025 592 1066 velles
608 1039 695 1065 non
715 1026 986 1066 intervenire.
1040 1025 1191 1066 Habet
1209 1039 1312 1079 ergo
1333 1040 1379 1066 se
1397 1026 1471 1067 illa
1493 1026 1608 1067 actio

218 1093 330 1133 sicut
353 1093 599 1134 combustio
621 1094 744 1144 arcis,
770 1107 882 1146 quae
904 1094 996 1134 sine
1018 1100 1159 1135 morte
1186 1095 1485 1136 innocentium
1515 1096 1607 1136 fieri

218 1175 304 1202 non
327 1167 500 1214 potest3
537 1175 670 1214 quare
693 1175 780 1202 non
803 1162 884 1201 erit
907 1162 1049 1201 minus
1072 1161 1189 1202 licita
1211 1176 1345 1215 quam
1367 1163 1453 1213 illa,
1469 1178 1604 1216 quum

218 1244 305 1271 non
324 1232 464 1283 magis
478 1243 681 1270 connexa
698 1230 765 1279 sit,
783 1243 915 1282 quam
934 1229 1018 1279 illa,
1034 1244 1133 1270 cum
1156 1237 1296 1271 morte
1311 1230 1612 1273 innocentis.''1

280 1309 368 1352 170.
406 1300 492 1339 Hic
514 1304 664 1339 tamen
688 1299 864 1350 insuper
886 1299 1099 1338 servanda
1121 1304 1187 1338 est
1208 1299 1433 1340 distinctio
1451 1313 1489 1340 n*
1519 1302 1609 1352 165.

218 1368 406 1408 tradita:
449 1369 530 1408 etsi
563 1368 679 1408 enim
712 1367 756 1406 in
788 1366 1006 1418 ejusmodi
1038 1366 1211 1408 casibus
1242 1368 1304 1409 sic
1335 1382 1464 1421 agere
1495 1368 1608 1417 licet,

218 1441 368 1475 tamen
391 1448 479 1475 non
512 1435 613 1475 licet
645 1434 910 1475 occisionem
943 1434 1188 1475 innocentis
1219 1435 1447 1484 intendere,
1468 1450 1610 1489 neque

217 1509 266 1543 ut
287 1503 419 1544 finem
443 1504 616 1556 agendi,
639 1517 781 1556 neque
803 1508 851 1542 ut
880 1503 1084 1542 medium.
1148 1503 1231 1546 “Si
1254 1504 1464 1544 occideris
1486 1505 1610 1545 i'nno-

217 1569 431 1619 centem,'’
464 1571 525 1611 ait
558 1571 627 1611 De
661 1567 818 1623 Lugo,2
841 1570 1054 1610 “volendo
1083 1570 1157 1610 lzoc
1186 1570 1334 1622 spsnm,
1357 1578 1407 1611 nt
1433 1572 1611 1612 occidere

208 1646 352 1691 posses
381 1645 599 1688 nocentem,
618 1638 709 1690 jam
743 1638 907 1678 directe
937 1637 1070 1678 velles
1102 1644 1145 1678 et
1176 1639 1426 1679 intenderes
1458 1640 1608 1681 occisi-

218 1720 347 1746 onem
379 1707 637 1755 innooentis,
675 1706 793 1758 quod
830 1705 1006 1757 quidem
1050 1705 1216 1746 licitum
1253 1720 1480 1759 nunquam
1515 1706 1609 1748 est.3

219 1773 353 1815 Unde
376 1774 419 1813 in
450 1787 551 1814 casu
585 1773 787 1826 proxime
819 1774 1023 1821 adducto,
1045 1774 1080 1813 si
1111 1774 1265 1814 videns
1295 1780 1338 1814 te
1361 1788 1449 1815 non
1480 1790 1608 1828 posse

216 1841 415 1882 occidere
456 1841 714 1890 invasorem,
748 1842 821 1894 qui
853 1855 898 1881 se
930 1841 1095 1881 infante
1137 1843 1339 1895 protegit,
1373 1843 1455 1882 nisi
1487 1844 1606 1897 prius

219 1912 392 1953 occidas
414 1911 627 1951 infantem
651 1917 783 1963 atque
805 1911 866 1951 ita
886 1911 1020 1950 libere
1051 1910 1190 1964 possis
1222 1917 1376 1964 postea
1408 1911 1496 1952 alio
1518 1913 1605 1953 ictu

217 1980 389 2020 hostem
412 1985 572 2032 petere,
596 1985 639 2018 et
657 1978 718 2018 ad
734 1978 846 2018 llnnc
861 1978 999 2031 finem
1020 1978 1152 2030 prius
1180 1993 1317 2019 secare
1335 1979 1439 2020 velis
1458 1981 1605 2033 infan-

217 2056 310 2096 tem,
332 2048 445 2088 actio
469 2047 542 2088 illa
565 2049 645 2088 erit
666 2048 829 2097 illicita,
851 2048 954 2100 quia
975 2047 1048 2087 ille
1070 2048 1181 2088 ictus
1212 2048 1375 2088 directe
1397 2054 1440 2088 et
1461 2063 1539 2101 per
1558 2063 1605 2090 se

215 2117 358 2157 tendit
378 2116 434 2156 ad
458 2121 643 2155 mortem
667 2115 859 2163 infantis,
893 2129 1025 2168 quam
1057 2116 1245 2156 assumis
1264 2123 1312 2156 nt
1341 2118 1526 2158 medinm
1547 2119 1610 2159 ad

217 2184 485 2224 occidendum
521 2190 677 2236 postea
709 2183 876 2223 hostem.
940 2183 1014 2224 Sic
1047 2183 1218 2223 etiamsi
1255 2184 1297 2223 in
1334 2184 1450 2226 bello
1480 2185 1603 2238 justo

213 2252 456 2292 habeantur
487 2251 530 2290 in
562 2251 715 2291 castris
748 2251 937 2291 infantes
961 2250 1035 2290 filii
1067 2250 1271 2300 hostium,
1297 2265 1383 2292 non
1416 2260 1599 2306 possunt

211 2322 255 2361 hi
293 2320 444 2369 occidi,
469 2326 516 2360 ut
545 2333 623 2372 pro
646 2320 881 2360 liberandis
904 2318 1002 2359 filiis
1024 2332 1049 2358 a
1071 2332 1176 2360 nece
1207 2326 1410 2372 parentes
1432 2321 1596 2361 obsessi

382 2467 392 2487 1
406 2468 457 2497 De
477 2467 582 2506 Lugo,
601 2467 650 2497 De
665 2467 812 2507 Justz‘tia
828 2471 857 2497 et
870 2466 970 2507 Jure,
994 2465 1090 2506 Disp.
1111 2474 1157 2497 10.
1179 2471 1256 2497 sect.
1274 2477 1303 2496 v.
1321 2477 1352 2497 n.
1378 2473 1448 2506 127.

381 2510 458 2540 2Ι(1.
476 2509 557 2540 ibid.
578 2520 610 2540 n.
633 2517 702 2549 125.

379 2553 392 2572 3
405 2553 483 2584 Vid.
500 2563 607 2593 supra,
625 2563 657 2582 n.
678 2559 746 2592 153.
769 2557 841 2582 nola
866 2561 888 2581 1.
