<?xml version="1.0" encoding="UTF-8"?>
<!DOCTYPE html PUBLIC "-//W3C//DTD XHTML 1.0 Transitional//EN"
    "http://www.w3.org/TR/xhtml1/DTD/xhtml1-transitional.dtd">
<html xmlns="http://www.w3.org/1999/xhtml" xml:lang="en" lang="en">
 <head>
  <title>
</title>
<meta http-equiv="Content-Type" content="text/html;charset=utf-8" />
  <meta name='ocr-system' content='tesseract 3.04.00' />
  <meta name='ocr-capabilities' content='ocr_page ocr_carea ocr_par ocr_line ocrx_word'/>
</head>
<body>
  <div class='ocr_page' id='page_1' title='image "./tractatusdeactib00wals_0075.png"; bbox 0 0 1716 2729; ppageno 0'>
   <div class='ocr_carea' id='block_1_1' title="bbox 74 77 1462 132">
    <p class='ocr_par' dir='ltr' id='par_1_1' title="bbox 74 77 1462 132">
     <span class='ocr_line' id='line_1_1' title="bbox 74 77 1462 132; baseline -0.001 -13"><span class='ocrx_word' id='word_1_1' title='bbox 74 92 117 120; x_wconf 87' lang='lat' dir='ltr'>n.</span> <span class='ocrx_word' id='word_1_2' title='bbox 140 78 195 132; x_wconf 84' lang='grc'>9.]</span> <span class='ocrx_word' id='word_1_3' title='bbox 517 79 568 119; x_wconf 78' lang='lat' dir='ltr'>de</span> <span class='ocrx_word' id='word_1_4' title='bbox 588 77 770 119; x_wconf 80' lang='lat' dir='ltr'>Actibus</span> <span class='ocrx_word' id='word_1_5' title='bbox 789 79 845 118; x_wconf 86' lang='lat' dir='ltr'><em>H</em></span> <span class='ocrx_word' id='word_1_6' title='bbox 842 78 1022 119; x_wconf 74' lang='lat' dir='ltr'>nmanis.</span> <span class='ocrx_word' id='word_1_7' title='bbox 1410 88 1462 131; x_wconf 82' lang='grc'>59</span> 
     </span>
    </p>
   </div>
   <div class='ocr_carea' id='block_1_2' title="bbox 60 191 1466 515">
    <p class='ocr_par' dir='ltr' id='par_1_2' title="bbox 60 191 1466 515">
     <span class='ocr_line' id='line_1_2' title="bbox 60 191 1465 246; baseline 0.001 -13"><span class='ocrx_word' id='word_1_8' title='bbox 60 193 174 246; x_wconf 86' lang='lat' dir='ltr'>finis</span> <span class='ocrx_word' id='word_1_9' title='bbox 193 193 471 245; x_wconf 74' lang='lat' dir='ltr'>quantumvis</span> <span class='ocrx_word' id='word_1_10' title='bbox 493 191 597 240; x_wconf 82' lang='lat' dir='ltr'>boni,</span> <span class='ocrx_word' id='word_1_11' title='bbox 621 192 870 244; x_wconf 72' lang='lat' dir='ltr'><em>requiritur,</em></span> <span class='ocrx_word' id='word_1_12' title='bbox 891 196 938 244; x_wconf 88' lang='lat'>4⁰</span> <span class='ocrx_word' id='word_1_13' title='bbox 961 199 1009 232; x_wconf 82' lang='lat' dir='ltr'>ut</span> <span class='ocrx_word' id='word_1_14' title='bbox 1028 193 1110 232; x_wconf 81' lang='lat' dir='ltr'>duo</span> <span class='ocrx_word' id='word_1_15' title='bbox 1131 193 1297 245; x_wconf 76' lang='lat' dir='ltr'>effectus</span> <span class='ocrx_word' id='word_1_16' title='bbox 1320 193 1382 234; x_wconf 80' lang='lat' dir='ltr'>ita</span> <span class='ocrx_word' id='word_1_17' title='bbox 1414 207 1465 234; x_wconf 72' lang='lat' dir='ltr'>ex</span> 
     </span>
     <span class='ocr_line' id='line_1_3' title="bbox 70 259 1464 313; baseline 0.001 -13"><span class='ocrx_word' id='word_1_18' title='bbox 70 274 199 300; x_wconf 78' lang='lat' dir='ltr'>causa</span> <span class='ocrx_word' id='word_1_19' title='bbox 209 261 492 313; x_wconf 70' lang='lat' dir='ltr'>prffiuantut</span> <span class='ocrx_word' id='word_1_20' title='bbox 506 260 647 299; x_wconf 91' lang='lat' dir='ltr'>bonus</span> <span class='ocrx_word' id='word_1_21' title='bbox 666 259 851 300; x_wconf 82' lang='lat' dir='ltr'>effectus</span> <span class='ocrx_word' id='word_1_22' title='bbox 864 273 952 300; x_wconf 91' lang='lat' dir='ltr'>non</span> <span class='ocrx_word' id='word_1_23' title='bbox 970 259 1222 300; x_wconf 79' lang='lat' dir='ltr'>obtineatur</span> <span class='ocrx_word' id='word_1_24' title='bbox 1243 262 1464 302; x_wconf 83' lang='lat' dir='ltr'>mediante</span> 
     </span>
     <span class='ocr_line' id='line_1_4' title="bbox 72 326 1462 379; baseline 0.001 -12"><span class='ocrx_word' id='word_1_25' title='bbox 72 327 229 368; x_wconf 87' lang='lat' dir='ltr'>effectu</span> <span class='ocrx_word' id='word_1_26' title='bbox 265 327 394 376; x_wconf 87' lang='lat' dir='ltr'>malo,</span> <span class='ocrx_word' id='word_1_27' title='bbox 429 341 478 366; x_wconf 86' lang='lat' dir='ltr'>ac</span> <span class='ocrx_word' id='word_1_28' title='bbox 517 330 559 377; x_wconf 83' lang='grc' dir='ltr'>5Ο</span> <span class='ocrx_word' id='word_1_29' title='bbox 595 327 772 379; x_wconf 77' lang='lat' dir='ltr'>denique</span> <span class='ocrx_word' id='word_1_30' title='bbox 805 333 854 367; x_wconf 81' lang='lat' dir='ltr'>ut</span> <span class='ocrx_word' id='word_1_31' title='bbox 885 340 1020 379; x_wconf 89' lang='lat' dir='ltr'>agens</span> <span class='ocrx_word' id='word_1_32' title='bbox 1053 326 1257 368; x_wconf 83' lang='lat' dir='ltr'>effectum</span> <span class='ocrx_word' id='word_1_33' title='bbox 1296 329 1462 369; x_wconf 86' lang='lat' dir='ltr'>malurn</span> 
     </span>
     <span class='ocr_line' id='line_1_5' title="bbox 72 394 1466 446; baseline 0.001 -12"><span class='ocrx_word' id='word_1_34' title='bbox 72 394 192 435; x_wconf 90' lang='lat' dir='ltr'>nullo</span> <span class='ocrx_word' id='word_1_35' title='bbox 222 394 355 434; x_wconf 88' lang='lat' dir='ltr'>modo</span> <span class='ocrx_word' id='word_1_36' title='bbox 392 394 603 443; x_wconf 89' lang='lat' dir='ltr'>intendat,</span> <span class='ocrx_word' id='word_1_37' title='bbox 635 394 713 433; x_wconf 83' lang='lat' dir='ltr'>sed</span> <span class='ocrx_word' id='word_1_38' title='bbox 747 395 1001 446; x_wconf 80' lang='lat' dir='ltr'><strong>permissive</strong></span> <span class='ocrx_word' id='word_1_39' title='bbox 1039 400 1208 435; x_wconf 78' lang='lat' dir='ltr'>tantum</span> <span class='ocrx_word' id='word_1_40' title='bbox 1240 408 1283 434; x_wconf 80' lang='lat' dir='ltr'>se</span> <span class='ocrx_word' id='word_1_41' title='bbox 1313 395 1466 435; x_wconf 73' lang='lat' dir='ltr'>habeat</span> 
     </span>
     <span class='ocr_line' id='line_1_6' title="bbox 71 475 306 515; baseline 0 -13"><span class='ocrx_word' id='word_1_42' title='bbox 71 475 173 515; x_wconf 78' lang='lat' dir='ltr'>erga</span> <span class='ocrx_word' id='word_1_43' title='bbox 198 476 306 503; x_wconf 81' lang='lat' dir='ltr'>eum.</span> 
     </span>
    </p>
   </div>
   <div class='ocr_carea' id='block_1_3' title="bbox 61 573 1468 2453">
    <p class='ocr_par' dir='ltr' id='par_1_3' title="bbox 71 573 1468 1167">
     <span class='ocr_line' id='line_1_7' title="bbox 136 573 1464 626; baseline 0 -13"><span class='ocrx_word' id='word_1_44' title='bbox 136 575 225 624; x_wconf 87' lang='lat'>156.</span> <span class='ocrx_word' id='word_1_45' title='bbox 261 573 527 626; x_wconf 91' lang='lat' dir='ltr'>Principium</span> <span class='ocrx_word' id='word_1_46' title='bbox 563 573 696 625; x_wconf 85' lang='lat' dir='ltr'>igitur</span> <span class='ocrx_word' id='word_1_47' title='bbox 727 574 787 613; x_wconf 92' lang='lat' dir='ltr'>sic</span> <span class='ocrx_word' id='word_1_48' title='bbox 817 574 1030 614; x_wconf 90' lang='lat' dir='ltr'>traditum</span> <span class='ocrx_word' id='word_1_49' title='bbox 1063 574 1233 614; x_wconf 85' lang='lat' dir='ltr'>duabus</span> <span class='ocrx_word' id='word_1_50' title='bbox 1266 574 1464 626; x_wconf 83' lang='lat' dir='ltr'>partibus</span> 
     </span>
     <span class='ocr_line' id='line_1_8' title="bbox 73 641 1465 695; baseline 0.001 -14"><span class='ocrx_word' id='word_1_51' title='bbox 73 646 273 690; x_wconf 91' lang='lat' dir='ltr'>constat;</span> <span class='ocrx_word' id='word_1_52' title='bbox 304 654 489 693; x_wconf 90' lang='lat' dir='ltr'>quarum</span> <span class='ocrx_word' id='word_1_53' title='bbox 522 641 640 693; x_wconf 88' lang='lat' dir='ltr'>prior</span> <span class='ocrx_word' id='word_1_54' title='bbox 677 641 877 681; x_wconf 80' lang='lat' dir='ltr'>enuntiat</span> <span class='ocrx_word' id='word_1_55' title='bbox 911 641 1186 682; x_wconf 88' lang='lat' dir='ltr'>conditiones</span> <span class='ocrx_word' id='word_1_56' title='bbox 1223 648 1322 691; x_wconf 92' lang='lat' dir='ltr'>tres,</span> <span class='ocrx_word' id='word_1_57' title='bbox 1351 656 1465 695; x_wconf 90' lang='lat' dir='ltr'>quae</span> 
     </span>
     <span class='ocr_line' id='line_1_9' title="bbox 71 707 1468 760; baseline 0.001 -13"><span class='ocrx_word' id='word_1_58' title='bbox 71 709 351 760; x_wconf 87' lang='lat' dir='ltr'>requiruntur</span> <span class='ocrx_word' id='word_1_59' title='bbox 390 722 442 748; x_wconf 86' lang='lat' dir='ltr'>ac</span> <span class='ocrx_word' id='word_1_60' title='bbox 482 707 702 749; x_wconf 88' lang='lat' dir='ltr'>sufficiunt</span> <span class='ocrx_word' id='word_1_61' title='bbox 738 707 780 747; x_wconf 92' lang='lat' dir='ltr'>in</span> <span class='ocrx_word' id='word_1_62' title='bbox 822 708 1028 748; x_wconf 86' lang='lat' dir='ltr'>omnibus</span> <span class='ocrx_word' id='word_1_63' title='bbox 1069 709 1251 748; x_wconf 90' lang='lat' dir='ltr'>omnino</span> <span class='ocrx_word' id='word_1_64' title='bbox 1293 710 1468 750; x_wconf 77' lang='lat' dir='ltr'>casibus</span> 
     </span>
     <span class='ocr_line' id='line_1_10' title="bbox 72 767 1466 829; baseline 0.001 -15"><span class='ocrx_word' id='word_1_65' title='bbox 72 781 246 828; x_wconf 88' lang='lat' dir='ltr'>praeter</span> <span class='ocrx_word' id='word_1_66' title='bbox 281 788 356 815; x_wconf 90' lang='lat' dir='ltr'>eos</span> <span class='ocrx_word' id='word_1_67' title='bbox 382 775 424 814; x_wconf 91' lang='lat' dir='ltr'>in</span> <span class='ocrx_word' id='word_1_68' title='bbox 457 767 616 827; x_wconf 84' lang='lat' dir='ltr'>quibus</span> <span class='ocrx_word' id='word_1_69' title='bbox 655 774 795 814; x_wconf 85' lang='lat' dir='ltr'>malus</span> <span class='ocrx_word' id='word_1_70' title='bbox 828 775 1010 815; x_wconf 86' lang='lat' dir='ltr'>effectus</span> <span class='ocrx_word' id='word_1_71' title='bbox 1043 775 1260 827; x_wconf 85' lang='lat' dir='ltr'>ejusmodi</span> <span class='ocrx_word' id='word_1_72' title='bbox 1293 782 1359 816; x_wconf 89' lang='lat' dir='ltr'>est</span> <span class='ocrx_word' id='word_1_73' title='bbox 1391 777 1466 829; x_wconf 86' lang='lat' dir='ltr'>qui</span> 
     </span>
     <span class='ocr_line' id='line_1_11' title="bbox 71 842 1464 896; baseline 0.001 -14"><span class='ocrx_word' id='word_1_74' title='bbox 71 842 376 896; x_wconf 85' lang='lat' dir='ltr'>pertineat-ad</span> <span class='ocrx_word' id='word_1_75' title='bbox 410 843 601 895; x_wconf 89' lang='lat' dir='ltr'>primum</span> <span class='ocrx_word' id='word_1_76' title='bbox 640 857 698 882; x_wconf 84' lang='lat' dir='ltr'>ex</span> <span class='ocrx_word' id='word_1_77' title='bbox 735 843 907 883; x_wconf 90' lang='lat' dir='ltr'>duobus</span> <span class='ocrx_word' id='word_1_78' title='bbox 943 844 1176 896; x_wconf 86' lang='lat' dir='ltr'>generibus</span> <span class='ocrx_word' id='word_1_79' title='bbox 1208 857 1247 884; x_wconf 93' lang='lat' dir='ltr'>n.</span> <span class='ocrx_word' id='word_1_80' title='bbox 1285 852 1376 895; x_wconf 85' lang='lat'>152.</span> <span class='ocrx_word' id='word_1_81' title='bbox 1401 858 1464 884; x_wconf 85' lang='lat' dir='ltr'>re-</span> 
     </span>
     <span class='ocr_line' id='line_1_12' title="bbox 72 910 1468 960; baseline 0 -9"><span class='ocrx_word' id='word_1_82' title='bbox 72 911 278 960; x_wconf 83' lang='lat' dir='ltr'>censitis;</span> <span class='ocrx_word' id='word_1_83' title='bbox 309 910 446 950; x_wconf 86' lang='lat' dir='ltr'>altera</span> <span class='ocrx_word' id='word_1_84' title='bbox 486 924 590 950; x_wconf 88' lang='lat' dir='ltr'>vero</span> <span class='ocrx_word' id='word_1_85' title='bbox 631 911 832 951; x_wconf 80' lang='lat' dir='ltr'>enuntiat</span> <span class='ocrx_word' id='word_1_86' title='bbox 875 911 985 951; x_wconf 84' lang='lat' dir='ltr'>duas</span> <span class='ocrx_word' id='word_1_87' title='bbox 1028 911 1134 951; x_wconf 88' lang='lat' dir='ltr'>alias</span> <span class='ocrx_word' id='word_1_88' title='bbox 1176 911 1468 960; x_wconf 86' lang='lat' dir='ltr'>conditiones,</span> 
     </span>
     <span class='ocr_line' id='line_1_13' title="bbox 72 978 1467 1031; baseline 0.001 -14"><span class='ocrx_word' id='word_1_89' title='bbox 72 991 185 1030; x_wconf 87' lang='lat' dir='ltr'>quae</span> <span class='ocrx_word' id='word_1_90' title='bbox 205 978 384 1030; x_wconf 84' lang='lat' dir='ltr'><strong>insuper</strong></span> <span class='ocrx_word' id='word_1_91' title='bbox 405 978 682 1030; x_wconf 87' lang='lat' dir='ltr'>requiruntur</span> <span class='ocrx_word' id='word_1_92' title='bbox 704 978 747 1018; x_wconf 91' lang='lat' dir='ltr'>in</span> <span class='ocrx_word' id='word_1_93' title='bbox 770 979 820 1018; x_wconf 89' lang='lat' dir='ltr'>iis</span> <span class='ocrx_word' id='word_1_94' title='bbox 842 980 1016 1019; x_wconf 80' lang='lat' dir='ltr'>casibus</span> <span class='ocrx_word' id='word_1_95' title='bbox 1040 979 1082 1018; x_wconf 89' lang='lat' dir='ltr'>in</span> <span class='ocrx_word' id='word_1_96' title='bbox 1105 979 1264 1031; x_wconf 86' lang='lat' dir='ltr'>quibus</span> <span class='ocrx_word' id='word_1_97' title='bbox 1284 979 1467 1020; x_wconf 88' lang='lat' dir='ltr'>effectus</span> 
     </span>
     <span class='ocr_line' id='line_1_14' title="bbox 72 1045 1468 1099; baseline 0.002 -15"><span class='ocrx_word' id='word_1_98' title='bbox 72 1045 322 1086; x_wconf 83' lang='lat' dir='ltr'>istiusmodi</span> <span class='ocrx_word' id='word_1_99' title='bbox 354 1045 526 1098; x_wconf 88' lang='lat' dir='ltr'>generis</span> <span class='ocrx_word' id='word_1_100' title='bbox 549 1051 625 1085; x_wconf 91' lang='lat' dir='ltr'>est.</span> <span class='ocrx_word' id='word_1_101' title='bbox 688 1046 840 1086; x_wconf 88' lang='lat' dir='ltr'>Partes</span> <span class='ocrx_word' id='word_1_102' title='bbox 873 1047 988 1086; x_wconf 89' lang='lat' dir='ltr'>duae</span> <span class='ocrx_word' id='word_1_103' title='bbox 1024 1047 1092 1087; x_wconf 88' lang='lat' dir='ltr'>hic</span> <span class='ocrx_word' id='word_1_104' title='bbox 1126 1046 1352 1099; x_wconf 79' lang='lat' dir='ltr'>sigillatim</span> <span class='ocrx_word' id='word_1_105' title='bbox 1391 1061 1468 1087; x_wconf 83' lang='lat' dir='ltr'>ex-</span> 
     </span>
     <span class='ocr_line' id='line_1_15' title="bbox 72 1113 829 1167; baseline -0.001 -13"><span class='ocrx_word' id='word_1_106' title='bbox 72 1113 303 1167; x_wconf 84' lang='lat' dir='ltr'>ponendae</span> <span class='ocrx_word' id='word_1_107' title='bbox 325 1126 375 1153; x_wconf 90' lang='lat' dir='ltr'>ac</span> <span class='ocrx_word' id='word_1_108' title='bbox 396 1113 688 1154; x_wconf 79' lang='lat' dir='ltr'>stabiliendae</span> <span class='ocrx_word' id='word_1_109' title='bbox 717 1120 829 1154; x_wconf 91' lang='lat' dir='ltr'>sunt.</span> 
     </span>
    </p>

    <p class='ocr_par' dir='ltr' id='par_1_4' title="bbox 61 1180 1468 1434">
     <span class='ocr_line' id='line_1_16' title="bbox 135 1180 1467 1234; baseline 0 -12"><span class='ocrx_word' id='word_1_110' title='bbox 135 1190 225 1232; x_wconf 87' lang='lat'>157.</span> <span class='ocrx_word' id='word_1_111' title='bbox 257 1180 421 1223; x_wconf 88' lang='lat' dir='ltr'>Sensus</span> <span class='ocrx_word' id='word_1_112' title='bbox 443 1181 599 1234; x_wconf 87' lang='lat' dir='ltr'>prioris</span> <span class='ocrx_word' id='word_1_113' title='bbox 620 1181 770 1234; x_wconf 85' lang='lat' dir='ltr'>partis.</span> <span class='ocrx_word' id='word_1_114' title='bbox 792 1182 912 1234; x_wconf 89' lang='lat' dir='ltr'>quod</span> <span class='ocrx_word' id='word_1_115' title='bbox 935 1181 1094 1222; x_wconf 88' lang='lat' dir='ltr'>attinet</span> <span class='ocrx_word' id='word_1_116' title='bbox 1111 1183 1167 1222; x_wconf 89' lang='lat' dir='ltr'>ad</span> <span class='ocrx_word' id='word_1_117' title='bbox 1188 1182 1467 1222; x_wconf 88' lang='lat' dir='ltr'>conditiones</span> 
     </span>
     <span class='ocr_line' id='line_1_17' title="bbox 61 1247 1468 1303; baseline 0.002 -16"><span class='ocrx_word' id='word_1_118' title='bbox 61 1247 260 1300; x_wconf 80' lang='lat' dir='ltr'><em>primam</em></span> <span class='ocrx_word' id='word_1_119' title='bbox 300 1254 433 1301; x_wconf 89' lang='lat' dir='ltr'>atque</span> <span class='ocrx_word' id='word_1_120' title='bbox 473 1249 716 1299; x_wconf 82' lang='lat' dir='ltr'>secundam,</span> <span class='ocrx_word' id='word_1_121' title='bbox 760 1250 865 1289; x_wconf 91' lang='lat' dir='ltr'>satis</span> <span class='ocrx_word' id='word_1_122' title='bbox 907 1263 965 1289; x_wconf 78' lang='lat' dir='ltr'>ex</span> <span class='ocrx_word' id='word_1_123' title='bbox 1007 1250 1134 1290; x_wconf 88' lang='lat' dir='ltr'>dictis</span> <span class='ocrx_word' id='word_1_124' title='bbox 1185 1257 1318 1303; x_wconf 90' lang='lat' dir='ltr'>patet.</span> <span class='ocrx_word' id='word_1_125' title='bbox 1396 1250 1468 1291; x_wconf 91' lang='lat' dir='ltr'>De</span> 
     </span>
     <span class='ocr_line' id='line_1_18' title="bbox 65 1315 1462 1368; baseline 0.003 -13"><span class='ocrx_word' id='word_1_126' title='bbox 65 1315 212 1368; x_wconf 81' lang='lat' dir='ltr'>prima</span> <span class='ocrx_word' id='word_1_127' title='bbox 244 1316 499 1357; x_wconf 89' lang='lat' dir='ltr'>conditione</span> <span class='ocrx_word' id='word_1_128' title='bbox 528 1316 617 1357; x_wconf 86' lang='lat' dir='ltr'>vid.</span> <span class='ocrx_word' id='word_1_129' title='bbox 652 1330 691 1356; x_wconf 94' lang='lat' dir='ltr'>n.</span> <span class='ocrx_word' id='word_1_130' title='bbox 730 1327 834 1367; x_wconf 87' lang='lat'>127:</span> <span class='ocrx_word' id='word_1_131' title='bbox 867 1319 921 1357; x_wconf 92' lang='lat' dir='ltr'>de</span> <span class='ocrx_word' id='word_1_132' title='bbox 937 1319 1131 1366; x_wconf 76' lang='lat' dir='ltr'>secunda,</span> <span class='ocrx_word' id='word_1_133' title='bbox 1152 1319 1239 1359; x_wconf 86' lang='lat' dir='ltr'>vid.</span> <span class='ocrx_word' id='word_1_134' title='bbox 1262 1332 1334 1358; x_wconf 89' lang='lat' dir='ltr'>nn.</span> <span class='ocrx_word' id='word_1_135' title='bbox 1363 1321 1462 1359; x_wconf 86' lang='lat'>128-</span> 
     </span>
     <span class='ocr_line' id='line_1_19' title="bbox 78 1394 172 1434; baseline 0 -11"><span class='ocrx_word' id='word_1_136' title='bbox 78 1394 172 1434; x_wconf 84' lang='lat'>139.</span> 
     </span>
    </p>

    <p class='ocr_par' dir='ltr' id='par_1_5' title="bbox 68 1449 1466 2168">
     <span class='ocr_line' id='line_1_20' title="bbox 136 1449 1465 1505; baseline 0.002 -14"><span class='ocrx_word' id='word_1_137' title='bbox 136 1452 224 1502; x_wconf 87' lang='lat'>158.</span> <span class='ocrx_word' id='word_1_138' title='bbox 257 1449 466 1491; x_wconf 91' lang='lat' dir='ltr'>Conditio</span> <span class='ocrx_word' id='word_1_139' title='bbox 498 1451 675 1503; x_wconf 89' lang='lat' dir='ltr'>insuper</span> <span class='ocrx_word' id='word_1_140' title='bbox 705 1451 835 1491; x_wconf 73' lang='lat' dir='ltr'>tertia</span> <span class='ocrx_word' id='word_1_141' title='bbox 865 1452 942 1491; x_wconf 81' lang='lat' dir='ltr'>vix</span> <span class='ocrx_word' id='word_1_142' title='bbox 974 1452 1143 1505; x_wconf 80' lang='lat' dir='ltr'>indiget</span> <span class='ocrx_word' id='word_1_143' title='bbox 1173 1454 1465 1505; x_wconf 84' lang='lat' dir='ltr'>expositione.</span> 
     </span>
     <span class='ocr_line' id='line_1_21' title="bbox 75 1514 1466 1572; baseline 0.003 -15"><span class='ocrx_word' id='word_1_144' title='bbox 75 1518 193 1558; x_wconf 87' lang='lat' dir='ltr'>Infra</span> <span class='ocrx_word' id='word_1_145' title='bbox 235 1514 443 1570; x_wconf 82' lang='lat' dir='ltr'>quidem,1</span> <span class='ocrx_word' id='word_1_146' title='bbox 483 1519 539 1558; x_wconf 91' lang='lat' dir='ltr'>de</span> <span class='ocrx_word' id='word_1_147' title='bbox 581 1519 687 1559; x_wconf 89' lang='lat' dir='ltr'>Fine</span> <span class='ocrx_word' id='word_1_148' title='bbox 732 1525 856 1559; x_wconf 89' lang='lat' dir='ltr'>actus</span> <span class='ocrx_word' id='word_1_149' title='bbox 887 1519 1067 1559; x_wconf 88' lang='lat' dir='ltr'>humani</span> <span class='ocrx_word' id='word_1_150' title='bbox 1110 1527 1304 1572; x_wconf 80' lang='lat' dir='ltr'>agentes,</span> <span class='ocrx_word' id='word_1_151' title='bbox 1347 1522 1466 1562; x_wconf 90' lang='lat' dir='ltr'>vide-</span> 
     </span>
     <span class='ocr_line' id='line_1_22' title="bbox 73 1586 1465 1638; baseline 0.002 -12"><span class='ocrx_word' id='word_1_152' title='bbox 73 1586 216 1626; x_wconf 89' lang='lat' dir='ltr'>bimus</span> <span class='ocrx_word' id='word_1_153' title='bbox 238 1592 384 1625; x_wconf 83' lang='lat' dir='ltr'>actum</span> <span class='ocrx_word' id='word_1_154' title='bbox 408 1586 692 1638; x_wconf 79' lang='lat' dir='ltr'>quantumvis</span> <span class='ocrx_word' id='word_1_155' title='bbox 714 1586 893 1635; x_wconf 90' lang='lat' dir='ltr'>bonum,</span> <span class='ocrx_word' id='word_1_156' title='bbox 916 1587 1087 1627; x_wconf 88' lang='lat' dir='ltr'>etiamsi</span> <span class='ocrx_word' id='word_1_157' title='bbox 1110 1588 1254 1628; x_wconf 89' lang='lat' dir='ltr'>nullus</span> <span class='ocrx_word' id='word_1_158' title='bbox 1283 1589 1465 1629; x_wconf 90' lang='lat' dir='ltr'>omnino</span> 
     </span>
     <span class='ocr_line' id='line_1_23' title="bbox 71 1652 1465 1711; baseline 0.004 -17"><span class='ocrx_word' id='word_1_159' title='bbox 71 1654 252 1694; x_wconf 77' lang='lat' dir='ltr'>effectus</span> <span class='ocrx_word' id='word_1_160' title='bbox 299 1652 440 1693; x_wconf 90' lang='lat' dir='ltr'>malus</span> <span class='ocrx_word' id='word_1_161' title='bbox 481 1667 538 1693; x_wconf 82' lang='lat' dir='ltr'>ex</span> <span class='ocrx_word' id='word_1_162' title='bbox 580 1667 632 1693; x_wconf 88' lang='lat' dir='ltr'>eo</span> <span class='ocrx_word' id='word_1_163' title='bbox 672 1660 893 1706; x_wconf 87' lang='lat' dir='ltr'>sequatur,</span> <span class='ocrx_word' id='word_1_164' title='bbox 937 1661 1085 1695; x_wconf 88' lang='lat' dir='ltr'>tamen</span> <span class='ocrx_word' id='word_1_165' title='bbox 1137 1657 1279 1697; x_wconf 86' lang='lat' dir='ltr'>vitiari</span> <span class='ocrx_word' id='word_1_166' title='bbox 1331 1665 1465 1711; x_wconf 86' lang='lat' dir='ltr'>atque</span> 
     </span>
     <span class='ocr_line' id='line_1_24' title="bbox 69 1720 1466 1776; baseline 0.004 -15"><span class='ocrx_word' id='word_1_167' title='bbox 69 1720 234 1762; x_wconf 90' lang='lat' dir='ltr'>malum</span> <span class='ocrx_word' id='word_1_168' title='bbox 258 1721 348 1761; x_wconf 87' lang='lat' dir='ltr'>fieri</span> <span class='ocrx_word' id='word_1_169' title='bbox 372 1721 407 1760; x_wconf 93' lang='lat' dir='ltr'>si</span> <span class='ocrx_word' id='word_1_170' title='bbox 439 1720 498 1760; x_wconf 89' lang='lat' dir='ltr'>ob</span> <span class='ocrx_word' id='word_1_171' title='bbox 518 1720 652 1760; x_wconf 91' lang='lat' dir='ltr'>finem</span> <span class='ocrx_word' id='word_1_172' title='bbox 685 1721 966 1762; x_wconf 88' lang='lat' dir='ltr'>inhonestum</span> <span class='ocrx_word' id='word_1_173' title='bbox 994 1724 1256 1776; x_wconf 86' lang='lat' dir='ltr'>perficiatur.</span> <span class='ocrx_word' id='word_1_174' title='bbox 1331 1727 1466 1767; x_wconf 90' lang='lat' dir='ltr'>Porro</span> 
     </span>
     <span class='ocr_line' id='line_1_25' title="bbox 68 1786 1465 1844; baseline 0.005 -16"><span class='ocrx_word' id='word_1_175' title='bbox 68 1787 176 1828; x_wconf 90' lang='lat' dir='ltr'>haec</span> <span class='ocrx_word' id='word_1_176' title='bbox 218 1788 424 1835; x_wconf 88' lang='lat' dir='ltr'>conditio,</span> <span class='ocrx_word' id='word_1_177' title='bbox 465 1794 512 1827; x_wconf 91' lang='lat' dir='ltr'>ut</span> <span class='ocrx_word' id='word_1_178' title='bbox 565 1786 661 1827; x_wconf 80' lang='lat' dir='ltr'>finis</span> <span class='ocrx_word' id='word_1_179' title='bbox 709 1802 784 1828; x_wconf 89' lang='lat' dir='ltr'>seu</span> <span class='ocrx_word' id='word_1_180' title='bbox 829 1789 1013 1830; x_wconf 89' lang='lat' dir='ltr'>intentio</span> <span class='ocrx_word' id='word_1_181' title='bbox 1064 1793 1236 1844; x_wconf 87' lang='lat' dir='ltr'>agentis</span> <span class='ocrx_word' id='word_1_182' title='bbox 1278 1806 1365 1834; x_wconf 90' lang='lat' dir='ltr'>non</span> <span class='ocrx_word' id='word_1_183' title='bbox 1409 1795 1465 1835; x_wconf 91' lang='lat' dir='ltr'>sit</span> 
     </span>
     <span class='ocr_line' id='line_1_26' title="bbox 71 1854 1466 1912; baseline 0.006 -19"><span class='ocrx_word' id='word_1_184' title='bbox 71 1855 318 1903; x_wconf 88' lang='lat' dir='ltr'>inhonesta,</span> <span class='ocrx_word' id='word_1_185' title='bbox 359 1854 429 1894; x_wconf 87' lang='lat' dir='ltr'>hic</span> <span class='ocrx_word' id='word_1_186' title='bbox 470 1855 707 1907; x_wconf 87' lang='lat' dir='ltr'>apponitur</span> <span class='ocrx_word' id='word_1_187' title='bbox 736 1869 788 1895; x_wconf 92' lang='lat' dir='ltr'>eo</span> <span class='ocrx_word' id='word_1_188' title='bbox 820 1870 950 1897; x_wconf 90' lang='lat' dir='ltr'>sensu</span> <span class='ocrx_word' id='word_1_189' title='bbox 992 1859 1112 1910; x_wconf 90' lang='lat' dir='ltr'>quod</span> <span class='ocrx_word' id='word_1_190' title='bbox 1155 1873 1291 1912; x_wconf 82' lang='lat' dir='ltr'>agens</span> <span class='ocrx_word' id='word_1_191' title='bbox 1332 1862 1466 1902; x_wconf 90' lang='lat' dir='ltr'>debet</span> 
     </span>
     <span class='ocr_line' id='line_1_27' title="bbox 68 1922 1464 1976; baseline 0.006 -15"><span class='ocrx_word' id='word_1_192' title='bbox 68 1929 117 1962; x_wconf 90' lang='lat' dir='ltr'>ut</span> <span class='ocrx_word' id='word_1_193' title='bbox 154 1922 286 1962; x_wconf 86' lang='lat' dir='ltr'>finem</span> <span class='ocrx_word' id='word_1_194' title='bbox 327 1923 486 1975; x_wconf 85' lang='lat' dir='ltr'>agendi</span> <span class='ocrx_word' id='word_1_195' title='bbox 528 1923 756 1962; x_wconf 88' lang='lat' dir='ltr'>intendere</span> <span class='ocrx_word' id='word_1_196' title='bbox 797 1924 1002 1964; x_wconf 84' lang='lat' dir='ltr'>effectum</span> <span class='ocrx_word' id='word_1_197' title='bbox 1044 1926 1224 1976; x_wconf 90' lang='lat' dir='ltr'>bonum,</span> <span class='ocrx_word' id='word_1_198' title='bbox 1265 1929 1377 1969; x_wconf 88' lang='lat' dir='ltr'>adeo</span> <span class='ocrx_word' id='word_1_199' title='bbox 1416 1936 1464 1970; x_wconf 92' lang='lat' dir='ltr'>ut</span> 
     </span>
     <span class='ocr_line' id='line_1_28' title="bbox 68 1990 1465 2043; baseline 0.006 -15"><span class='ocrx_word' id='word_1_200' title='bbox 68 1990 232 2029; x_wconf 81' lang='lat' dir='ltr'>malum</span> <span class='ocrx_word' id='word_1_201' title='bbox 262 1990 453 2042; x_wconf 77' lang='lat' dir='ltr'>effectum</span> <span class='ocrx_word' id='word_1_202' title='bbox 494 1995 573 2029; x_wconf 76' lang='lat' dir='ltr'>ant</span> <span class='ocrx_word' id='word_1_203' title='bbox 612 1990 728 2029; x_wconf 77' lang='lat' dir='ltr'><em>nullo</em></span> <span class='ocrx_word' id='word_1_204' title='bbox 758 1991 879 2031; x_wconf 81' lang='lat' dir='ltr'>modo</span> <span class='ocrx_word' id='word_1_205' title='bbox 922 1992 1126 2043; x_wconf 76' lang='lat' dir='ltr'>intendat,</span> <span class='ocrx_word' id='word_1_206' title='bbox 1157 2002 1235 2035; x_wconf 77' lang='lat' dir='ltr'>aut</span> <span class='ocrx_word' id='word_1_207' title='bbox 1270 1996 1465 2037; x_wconf 77' lang='lat' dir='ltr'>intendat</span> 
     </span>
     <span class='ocr_line' id='line_1_29' title="bbox 68 2057 1459 2113; baseline 0.007 -18"><span class='ocrx_word' id='word_1_208' title='bbox 68 2057 207 2096; x_wconf 81' lang='lat' dir='ltr'>solum</span> <span class='ocrx_word' id='word_1_209' title='bbox 257 2063 306 2096; x_wconf 81' lang='lat' dir='ltr'>ut</span> <span class='ocrx_word' id='word_1_210' title='bbox 348 2057 549 2106; x_wconf 79' lang='lat' dir='ltr'>medium,</span> <span class='ocrx_word' id='word_1_211' title='bbox 591 2064 808 2110; x_wconf 87' lang='lat' dir='ltr'>quatenus</span> <span class='ocrx_word' id='word_1_212' title='bbox 859 2061 1003 2113; x_wconf 87' lang='lat' dir='ltr'>reipsa</span> <span class='ocrx_word' id='word_1_213' title='bbox 1053 2063 1248 2104; x_wconf 88' lang='lat' dir='ltr'>medium</span> <span class='ocrx_word' id='word_1_214' title='bbox 1289 2065 1357 2113; x_wconf 90' lang='lat' dir='ltr'>sit,</span> <span class='ocrx_word' id='word_1_215' title='bbox 1404 2066 1459 2105; x_wconf 89' lang='lat' dir='ltr'>ad</span> 
     </span>
     <span class='ocr_line' id='line_1_30' title="bbox 71 2125 790 2168; baseline 0.004 -4"><span class='ocrx_word' id='word_1_216' title='bbox 71 2125 237 2165; x_wconf 90' lang='lat' dir='ltr'>bonum</span> <span class='ocrx_word' id='word_1_217' title='bbox 260 2125 464 2165; x_wconf 87' lang='lat' dir='ltr'>effectum</span> <span class='ocrx_word' id='word_1_218' title='bbox 487 2125 790 2168; x_wconf 84' lang='lat' dir='ltr'>obtinendum.</span> 
     </span>
    </p>

    <p class='ocr_par' dir='ltr' id='par_1_6' title="bbox 65 2191 1462 2453">
     <span class='ocr_line' id='line_1_31' title="bbox 131 2191 1458 2250; baseline 0.006 -19"><span class='ocrx_word' id='word_1_219' title='bbox 131 2201 220 2243; x_wconf 83' lang='lat'>159.</span> <span class='ocrx_word' id='word_1_220' title='bbox 257 2191 345 2231; x_wconf 88' lang='lat' dir='ltr'>Res</span> <span class='ocrx_word' id='word_1_221' title='bbox 382 2191 626 2232; x_wconf 88' lang='lat' dir='ltr'>illustratur</span> <span class='ocrx_word' id='word_1_222' title='bbox 661 2193 869 2246; x_wconf 84' lang='lat' dir='ltr'>exemplo</span> <span class='ocrx_word' id='word_1_223' title='bbox 903 2196 1076 2248; x_wconf 87' lang='lat' dir='ltr'>saepius</span> <span class='ocrx_word' id='word_1_224' title='bbox 1114 2211 1244 2250; x_wconf 86' lang='lat' dir='ltr'>supra</span> <span class='ocrx_word' id='word_1_225' title='bbox 1284 2199 1458 2248; x_wconf 80' lang='lat' dir='ltr'>tradito,</span> 
     </span>
     <span class='ocr_line' id='line_1_32' title="bbox 65 2259 1462 2315; baseline 0.006 -17"><span class='ocrx_word' id='word_1_226' title='bbox 65 2259 249 2311; x_wconf 87' lang='lat' dir='ltr'>alicujus</span> <span class='ocrx_word' id='word_1_227' title='bbox 271 2271 569 2311; x_wconf 84' lang='lat' dir='ltr'>aggressorem</span> <span class='ocrx_word' id='word_1_228' title='bbox 593 2261 831 2301; x_wconf 89' lang='lat' dir='ltr'>occidentis</span> <span class='ocrx_word' id='word_1_229' title='bbox 854 2262 909 2301; x_wconf 90' lang='lat' dir='ltr'>ad</span> <span class='ocrx_word' id='word_1_230' title='bbox 932 2264 1068 2304; x_wconf 89' lang='lat' dir='ltr'>vitam</span> <span class='ocrx_word' id='word_1_231' title='bbox 1087 2267 1429 2306; x_wconf 83' lang='lat' dir='ltr'>conservandam</span> <span class='ocrx_word' id='word_1_232' title='bbox 1452 2281 1462 2315; x_wconf 84' lang='lat'>;</span> 
     </span>
     <span class='ocr_line' id='line_1_33' title="bbox 65 2326 1458 2384; baseline 0.006 -18"><span class='ocrx_word' id='word_1_233' title='bbox 65 2327 146 2367; x_wconf 86' lang='lat' dir='ltr'>etsi</span> <span class='ocrx_word' id='word_1_234' title='bbox 183 2326 312 2376; x_wconf 89' lang='lat' dir='ltr'>enim,</span> <span class='ocrx_word' id='word_1_235' title='bbox 334 2332 382 2366; x_wconf 93' lang='lat' dir='ltr'>ut</span> <span class='ocrx_word' id='word_1_236' title='bbox 413 2340 545 2378; x_wconf 88' lang='lat' dir='ltr'>supra</span> <span class='ocrx_word' id='word_1_237' title='bbox 576 2329 830 2380; x_wconf 84' lang='lat' dir='ltr'>expositum</span> <span class='ocrx_word' id='word_1_238' title='bbox 863 2337 942 2380; x_wconf 89' lang='lat' dir='ltr'>est,</span> <span class='ocrx_word' id='word_1_239' title='bbox 973 2334 1240 2384; x_wconf 87' lang='lat' dir='ltr'>aggressoris</span> <span class='ocrx_word' id='word_1_240' title='bbox 1273 2341 1458 2374; x_wconf 90' lang='lat' dir='ltr'>mortem</span> 
     </span>
     <span class='ocr_line' id='line_1_34' title="bbox 66 2395 1458 2453; baseline 0.006 -19"><span class='ocrx_word' id='word_1_241' title='bbox 66 2396 111 2435; x_wconf 91' lang='lat' dir='ltr'>in</span> <span class='ocrx_word' id='word_1_242' title='bbox 132 2395 349 2448; x_wconf 90' lang='lat' dir='ltr'>ejusmodi</span> <span class='ocrx_word' id='word_1_243' title='bbox 373 2408 474 2434; x_wconf 87' lang='lat' dir='ltr'>casu</span> <span class='ocrx_word' id='word_1_244' title='bbox 507 2396 734 2438; x_wconf 84' lang='lat' dir='ltr'>intendere</span> <span class='ocrx_word' id='word_1_245' title='bbox 765 2397 876 2448; x_wconf 87' lang='lat' dir='ltr'>licet,</span> <span class='ocrx_word' id='word_1_246' title='bbox 893 2400 1090 2453; x_wconf 85' lang='lat' dir='ltr'>profecto</span> <span class='ocrx_word' id='word_1_247' title='bbox 1122 2416 1210 2442; x_wconf 92' lang='lat' dir='ltr'>non</span> <span class='ocrx_word' id='word_1_248' title='bbox 1240 2402 1340 2442; x_wconf 86' lang='lat' dir='ltr'>licet</span> <span class='ocrx_word' id='word_1_249' title='bbox 1361 2415 1458 2441; x_wconf 88' lang='lat' dir='ltr'>eam</span> 
     </span>
    </p>
   </div>
   <div class='ocr_carea' id='block_1_4' title="bbox 488 2474 1006 2482">
    <p class='ocr_par' dir='ltr' id='par_1_7' title="bbox 488 2474 1006 2482">
     <span class='ocr_line' id='line_1_35' title="bbox 488 2474 1006 2482; baseline 0 0"><span class='ocrx_word' id='word_1_250' title='bbox 488 2474 1006 2482; x_wconf 95' lang='lat' dir='ltr'> </span> 
     </span>
    </p>
   </div>
   <div class='ocr_carea' id='block_1_5' title="bbox 1167 2481 1404 2485">
    <p class='ocr_par' dir='ltr' id='par_1_8' title="bbox 1167 2481 1404 2485">
     <span class='ocr_line' id='line_1_36' title="bbox 1167 2481 1404 2485; baseline 0 0"><span class='ocrx_word' id='word_1_251' title='bbox 1167 2481 1404 2485; x_wconf 95' lang='lat' dir='ltr'> </span> 
     </span>
    </p>
   </div>
   <div class='ocr_carea' id='block_1_6' title="bbox 412 2503 976 2549">
    <p class='ocr_par' dir='ltr' id='par_1_9' title="bbox 412 2503 976 2549">
     <span class='ocr_line' id='line_1_37' title="bbox 412 2503 976 2549; baseline 0.011 -16"><span class='ocrx_word' id='word_1_252' title='bbox 412 2503 420 2525; x_wconf 86' lang='lat'>¹</span> <span class='ocrx_word' id='word_1_253' title='bbox 436 2503 514 2534; x_wconf 88' lang='lat' dir='ltr'>Vid.</span> <span class='ocrx_word' id='word_1_254' title='bbox 531 2504 628 2544; x_wconf 82' lang='lat' dir='ltr'>infra,</span> <span class='ocrx_word' id='word_1_255' title='bbox 647 2516 720 2546; x_wconf 91' lang='lat' dir='ltr'>cap.</span> <span class='ocrx_word' id='word_1_256' title='bbox 736 2514 768 2546; x_wconf 89' lang='lat'>3.</span> <span class='ocrx_word' id='word_1_257' title='bbox 786 2513 846 2538; x_wconf 90' lang='lat' dir='ltr'>art.</span> <span class='ocrx_word' id='word_1_258' title='bbox 863 2508 896 2538; x_wconf 88' lang='lat' dir='ltr'>ii.</span> <span class='ocrx_word' id='word_1_259' title='bbox 916 2507 930 2548; x_wconf 57' lang='grc' dir='ltr'><em>ᾗ</em></span> <span class='ocrx_word' id='word_1_260' title='bbox 945 2517 976 2549; x_wconf 85' lang='lat'>3.</span> 
     </span>
    </p>
   </div>
  </div>
 </body>
</html>
