1716 2729
640 91 692 132 de
710 91 890 132 Actibus
911 92 1144 132 Humanis.
1525 100 1604 145 '251

267 205 356 250 QUA
363 213 426 239 ER.
444 204 492 244 6⁰
524 205 711 250 Quomodo
726 216 774 239 ea
767 207 938 250 ponatur
945 207 990 250 pr
992 206 1180 250 ‘'l'ncl'fil'llnl
1198 206 1416 240 secundum.
1413 207 1429 232 ἲ

266 269 383 302 RESP.
412 269 589 303 Declarat
621 267 886 312 obligationem
919 279 992 302 non
1012 279 1094 302 esse
1130 268 1242 302 nimis
1270 269 1485 313 urgendam.
1512 268 1609 315 [118,

222 314 314 360 119-]

266 379 424 423 QUAER.
451 386 499 421 7⁰·
530 378 716 423 Quomodo
732 379 943 422 exponatur
949 378 1184 422 principium
1211 379 1363 412 sortium
1378 379 1398 412 .?

262 443 380 476 RESP.
409 442 494 475 Hoc
527 440 758 485 principium,
793 440 1058 484 distinguendo
1095 441 1168 474 duo
1202 452 1342 484 genera
1375 453 1531 476 casuum
1573 449 1609 477 et

215 488 442 522 recensendo
476 487 709 522 conditiones
751 487 787 521 in
821 494 977 532 utroque
1018 498 1154 531 genere
1196 487 1407 531 requisitas,
1442 489 1609 523 declarat

212 535 452 579 obligationis
470 534 621 568 limites.
648 532 817 579 [κο-155,
843 534 934 579 156.]

261 598 421 642 QUAER.
448 598 496 631 80.
534 596 721 642 Quomodo
740 597 1028 642 dtlrtinguanlur
1043 608 1150 631 casus
1164 598 1184 630 .?

263 661 381 694 RESP.
408 659 480 694 Alii
500 667 583 693 sunt
602 659 654 702 (a)
670 658 705 693 in
725 658 857 704 quibus
870 660 1009 693 malum
1028 667 1240 694 secuturum
1259 660 1356 694 adeo
1372 659 1611 696 inhonestum

214 714 271 741 est
301 715 338 740 ut
372 707 461 740 nulli
496 717 659 751 unquam
694 705 803 740 liceat
837 705 873 739 in
907 706 997 740 illud
1027 706 1251 747 consentire,
1281 719 1402 752 neque
1432 714 1470 742 ut
1498 708 1610 742 finem

216 753 362 797 agendi,
381 764 501 797 neque
519 759 557 786 ut
576 752 741 786 medium
758 753 1016 797 assequendae
1034 753 1193 787 aliusrei
1206 754 1443 798 quantumvis
1462 755 1582 789 bonae
1602 768 1610 797 ;

215 800 277 834 alii
290 811 376 834 vero
394 806 478 833 sunt
491 799 549 843 (b)
573 800 609 833 in
628 799 761 844 quibus
779 800 918 833 malum
938 807 1149 833 secuturum
1167 812 1242 833 non
1262 801 1357 834 adeo
1373 801 1611 836 inhonestum

217 854 285 886 est,
313 854 349 880 et
377 846 462 880 ideo
489 846 573 880 licet
603 845 639 879 in
668 845 757 879 illud
787 846 1008 886 consentire,
1038 846 1094 880 sin
1125 847 1246 880 minus
1270 854 1307 881 ut
1334 848 1444 881 finem
1462 849 1610 892 agendi,

216 894 348 927 saltem
369 900 407 927 ut
427 893 590 927 medium
606 893 830 937 assequendi
849 893 942 927 alius
962 893 1045 927 finis
1063 893 1163 928 boni.
1190 892 1348 938 [123-125
1371 907 1378 934 ;
1398 895 1568 939 152-154.]

263 957 423 1001 QUAER.
449 961 500 999 90.
529 957 628 1001 Quot
657 956 882 989 conditiones
922 957 1171 1000 requirantur
1201 957 1242 990 in
1282 957 1427 991 casibus
1461 959 1612 1002 generis

210 1004 389 1050 prioris?

265 1068 383 1100 RESP.
411 1066 662 1111 Requiruntur
679 1072 773 1100 tres:
804 1073 835 1099 10
861 1072 898 1100 ut
925 1077 1038 1100 causa
1064 1066 1110 1100 sit
1136 1065 1172 1100 in
1200 1078 1239 1100 se
1265 1067 1364 1100 bona
1390 1073 1452 1101 aut
1478 1067 1610 1101 saltem

216 1114 429 1147 indifferens
448 1125 455 1147 z
482 1118 520 1147 2Ο
546 1120 584 1147 ut
603 1112 649 1147 sit
666 1112 760 1146 ratio
778 1112 913 1157 agendi
940 1113 1220 1156 proportionate
1238 1113 1361 1157 gravis
1377 1127 1385 1147 z
1414 1121 1452 1156 30
1479 1121 1517 1148 ut
1535 1126 1609 1148 non

216 1160 263 1195 sit
282 1160 478 1194 inhonesta
496 1159 640 1204 agentis
659 1159 826 1194 intentio.
856 1159 1061 1204 [155-161.]

265 1224 424 1268 QUAER.
444 1228 510 1257 100.
540 1223 644 1267 Quid
655 1223 838 1267 deprimo
856 1223 1063 1256 conditione
1080 1224 1209 1256 notari
1224 1223 1350 1256 debeat
1359 1223 1378 1256 .?

264 1288 382 1321 RESP.
409 1286 480 1320 Vix
510 1286 651 1330 indiget
681 1285 935 1331 expositione:
962 1297 1006 1320 ex
1035 1285 1201 1320 terminis
1221 1292 1323 1330 patet
1353 1297 1436 1320 eam
1465 1297 1612 1331 semper

217 1334 362 1378 requiri.
392 1331 481 1376 [126‚
502 1342 573 1376 127,
593 1331 676 1377 161.]

266 1397 425 1441 QUAER.
450 1403 517 1431 110.
547 1396 652 1440 Quid
663 1397 706 1429 do
722 1396 882 1430 secunda
900 1395 1106 1429 conditione
1123 1397 1142 1429 ,9

265 1460 383 1493 RESP.
411 1460 507 1492 Eam
526 1458 660 1503 requiri
679 1459 911 1492 demonstrat
937 1458 1115 1492 naturalis
1134 1458 1314 1503 aequitas.
1345 1458 1441 1503 [128,
1471 1459 1546 1492 161.
1551 1457 1611 1504 ]—

221 1507 403 1541 Censetur
425 1506 559 1539 adesse
589 1517 715 1558 quum,
745 1505 938 1550 perpensis
965 1505 1156 1550 uniusque
1191 1505 1305 1549 partis
1339 1505 1546 1540 commodis
1576 1512 1612 1540 et

219 1552 480 1592 incommodis,
513 1552 733 1596 perspicitur
766 1551 1044 1585 incommodum
1087 1552 1265 1586 oriturum
1306 1563 1350 1586 ex
1384 1553 1613 1596 imponenda

221 1599 461 1643 obligatione,
489 1599 608 1643 majus
638 1610 720 1633 esse
750 1610 863 1643 quam
892 1598 949 1632 cui
977 1599 1124 1643 aequiv
1113 1599 1228 1633 aleret
1257 1599 1396 1633 bonum
1428 1611 1492 1633 seu
1512 1610 1612 1633 com-

218 1627 369 1680 modoum
389 1645 489 1690 quod
507 1657 550 1679 ex
564 1645 696 1679 eadem
716 1645 946 1690 proveniret3
967 1645 1060 1679 haec
1080 1645 1178 1679 enim
1199 1653 1255 1679 est
1272 1646 1365 1680 ratio
1384 1645 1612 1690 dijudicandi

219 1704 267 1727 an
286 1693 405 1737 magis
424 1693 594 1735 expediat
620 1693 720 1726 bono
739 1692 891 1725 humani
909 1692 1068 1735 generis,
1084 1693 1281 1734 actionem,
1300 1693 1346 1726 de
1372 1704 1445 1737 qua
1470 1700 1614 1737 agatur,

219 1752 241 1773 a
260 1741 343 1774 Deo
361 1739 523 1784 permitti
542 1751 590 1773 an
608 1738 807 1783 prohiberi,
825 1750 902 1779 seu,
921 1738 1001 1772 aliis
1022 1739 1156 1779 verbis,
1182 1739 1412 1784 dijudicandi
1440 1751 1487 1773 an
1515 1739 1613 1773 actio

219 1786 282 1820 illa
299 1786 421 1830 reipsa
439 1797 460 1819 a
480 1787 563 1820 Deo
581 1786 817 1830 permittatur
834 1797 881 1819 an
899 1785 1152 1830 prohibeatur.
1199 1787 1242 1820 In
1261 1786 1318 1819 his
1337 1786 1613 1830 perpendendis

219 1832 491 1877 inspiciendum
524 1839 579 1866 est
615 1832 675 1876 (a)
710 1832 989 1866 incommodum
1035 1832 1256 1874 proveniens
1291 1845 1335 1866 ex
1369 1833 1498 1877 quavis
1532 1833 1614 1876 lege

220 1879 403 1924 imposita,
428 1879 472 1918 (b)
496 1879 775 1913 incommodum
794 1879 859 1913 toti
877 1879 1004 1922 generi
1022 1880 1187 1913 humano
1205 1880 1449 1913 obventurum
1468 1881 1498 1913 si
1516 1880 1615 1914 actio

219 1926 266 1960 de
285 1937 357 1970 qua
375 1925 586 1970 agiturlege
605 1926 768 1970 generali
787 1926 1054 1970 prohiberetur,
1073 1926 1125 1968 (c)
1140 1926 1417 1960 incommodum
1436 1926 1614 1960 oriturum

221 1972 251 2007 si
270 1973 443 2006 omnibus
461 1982 590 2006 contra
609 1973 874 2006 concederetur
891 1972 1040 2006 licentia
1057 1973 1204 2016 agendi.
1241 1971 1428 2017 [129-139.]

268 2035 426 2080 QUAER.
447 2038 514 2069 12⁰.
544 2035 648 2080 Quid
660 2036 703 2068 de
719 2036 831 2069 tertia
848 2035 1055 2069 conditione
1069 2037 1088 2068 ,ἲ

268 2099 385 2132 RESP.
415 2099 525 2132 Hanc
554 2097 689 2142 requiri
720 2097 907 2132 constabit
942 2110 986 2132 ex
1013 2097 1107 2132 infra
1134 2099 1303 2133 dicendis
1331 2099 1378 2133 de
1397 2099 1480 2143 fine
1509 2105 1614 2133 actus

220 2145 383 2179 humani.
414 2143 623 2189 [158-161.]

267 2208 425 2288 QUAEZR.
447 2213 512 2280 13⁰?-
541 2207 646 2252 Quid
657 2208 700 2241 de
717 2208 805 2242 aliis
822 2208 1092 2242 coudz'fiom'bus
1109 2219 1202 2253 quae
1219 2220 1242 2241 a
1253 2208 1432 2252 pluribus
1456 2208 1489 2241 T
1492 2209 1531 2242 T.
1550 2208 1610 2242 llic

222 2256 325 2298 engi
338 2266 376 2287 so
393 2258 499 2288 eant.

268 2318 387 2351 RESP.
415 2317 510 2350 Sunt
540 2317 656 2351 duae:
686 2325 718 2351 10
735 2324 774 2351 ut
806 2317 959 2351 effectus
988 2328 1063 2351 non
1089 2316 1141 2351 ita
1166 2328 1210 2351 ex
1237 2328 1349 2351 causa
1368 2317 1551 2361 profluant
1577 2325 1615 2352 ut

217 2361 340 2397 bonus
358 2363 510 2397 effectus
530 2363 742 2398 obtineatur
760 2363 949 2398 mediante
967 2364 1101 2398 effectu
1120 2365 1218 2398 malo
1236 2379 1242 2397 :
1262 2370 1300 2397 20
1318 2371 1355 2398 ut
1374 2375 1488 2408 agens
1508 2364 1615 2399 unice

220 2410 390 2444 intendat
420 2410 593 2444 effectum
614 2411 766 2444 bonum.
795 2409 983 2455 [120-122.]
1032 2414 1210 2444 Attamen
1238 2411 1348 2455 plane
1376 2418 1521 2445 constat
1551 2423 1615 2446 eas

220 2468 295 2491 non
330 2468 479 2501 semper
511 2456 660 2501 requiri,
687 2458 753 2491 sed
787 2464 932 2491 tantum
967 2457 1004 2491 in
1039 2458 1187 2491 casibus
1218 2457 1370 2491 secundi
1398 2458 1544 2501 generis
1571 2469 1616 2492 ex

221 2504 366 2537 duobus
393 2511 505 2537 antea
531 2503 719 2548 expositis,
747 2511 782 2538 et
809 2504 987 2541 ideotnon
1005 2515 1088 2538 esse
1106 2503 1166 2538 hic
1185 2504 1353 2538 absolute
1371 2504 1615 2548 apponendas

223 2550 422 2594 [140-150;
465 2558 542 2592 177,
579 2551 673 2595 178.]
728 2551 804 2585 Eas
839 2558 966 2585 tamen
1000 2551 1134 2596 requiri
1170 2550 1206 2584 in
1241 2551 1356 2585 altero
1383 2552 1454 2585 hoc
1479 2563 1615 2596 genere
