1716 2729
174 127 197 156 2
205 117 257 156 28
753 117 982 159 Tractatus
1405 118 1458 169 [G
1465 128 1528 160 UR
1535 128 1582 168 V„

171 238 215 273 et
237 231 436 285 singulos
469 239 594 273 actus
626 235 869 288 peragendi
903 233 1098 288 impulsu
1131 233 1357 275 relationis
1390 234 1577 276 actualis

167 308 243 342 aut
284 300 495 349 virtualis,
539 303 851 343 contendimus
893 302 995 343 huic
1039 303 1222 343 minime
1261 303 1468 344 satisfieri
1500 317 1578 357 per

164 371 287 411 illam
311 370 572 411 relationem
595 371 933 413 Thomistarum
960 369 1065 427 [vid.
1087 386 1233 425 supra,
1256 387 1294 412 n.
1311 372 1440 427 615.]‚
1461 386 1577 426 quae

167 453 248 480 nec
287 439 578 489 Christianae,
614 452 694 481 nec
730 454 832 481 vere
866 446 910 481 et
943 440 1121 494 proprie
1153 441 1312 491 dictae,
1350 441 1576 482 relationis

166 521 329 549 nomen
353 514 560 548 meretur.
635 508 803 549 Dicant
841 509 1004 562 requiri
1035 508 1298 549 relationem
1332 509 1575 562 eaplz'cz'tam

221 608 230 616 .
284 590 372 617 non
405 576 573 617 carebit
594 576 704 618 haec
726 578 912 618 assertio
933 577 1082 631 aliqua
1103 578 1500 627 verisimilitudine,
1532 586 1578 618 et.

165 646 519 686 examinandum
536 646 754 699 supererit
773 645 903 699 quale
921 645 1263 687 fundamentum
1284 647 1326 686 in
1345 646 1576 700 Scriptura

163 715 328 756 habeat
349 729 357 756 :
379 715 458 755 sed
476 720 677 767 systema
699 715 819 768 quod
843 715 1167 757 adinvenerunt
1189 730 1346 770 parum
1363 717 1446 757 sibi
1469 729 1572 756 con-

163 785 357 824 sentiens
400 797 496 823 esse
530 783 730 833 videtur;
763 798 851 825 non
883 784 1110 825 extollunt
1144 785 1366 838 siquidem
1399 785 1575 838 obliga-

159 853 329 894 tionem
352 854 423 893 hic
445 853 502 893 ab
527 852 751 906 Apostolo
773 853 1043 907 impositam,
1067 854 1151 894 nisi
1178 860 1226 895 ut
1259 861 1416 908 postea
1448 854 1569 894 illam

162 922 427 974 deprimant,
450 928 494 962 et
516 922 572 962 ad
596 921 783 962 nihilum
808 920 1075 963 reducant.”1

220 991 320 1043 663.
355 992 532 1032 Deinde
556 994 600 1030 2⁰
619 991 902 1044 respondent,
918 991 1092 1032 etiamsi
1116 992 1251 1033 verba
1273 993 1412 1033 citata
1433 1005 1571 1032 enun-

159 1059 322 1100 tiarent
344 1066 646 1113 praeceptum,
669 1066 714 1100 et
747 1060 930 1112 quidem
955 1060 1176 1113 ejusmodi
1198 1062 1320 1114 quod
1352 1061 1572 1115 obligaret

160 1129 216 1169 ad
260 1142 436 1182 semper
468 1128 693 1181 agendum
737 1143 796 1168 ex
837 1129 1102 1180 intentione,
1133 1130 1225 1170 sive
1267 1129 1432 1170 actuali
1478 1130 1571 1170 sive

160 1194 350 1244 virtuali,
374 1195 429 1235 (le
466 1208 555 1247 qua
576 1209 723 1235 sermo
761 1201 842 1248 est,
865 1208 954 1235 non
978 1195 1079 1236 ideo
1112 1202 1371 1248 sequeretur
1392 1202 1573 1236 senten-

157 1263 268 1304 tiam
307 1263 604 1305 Scotistarum
642 1277 738 1303 esse
768 1264 1078 1304 deserendam.
1144 1264 1339 1314 Etenim,
1360 1270 1409 1304 ut
1440 1279 1567 1318 argu-

160 1338 386 1373 mentatur
427 1330 598 1372 auct0r2
633 1332 726 1385 jam
765 1333 940 1382 citatus
982 1333 1327 1375 “concedamus
1366 1334 1572 1374 satisfieri

160 1415 292 1455 posse
314 1401 578 1454 obligationi
601 1401 837 1455 [referendi
868 1407 994 1442 actus
1018 1401 1266 1456 ingloriam
1287 1402 1412 1456 Dee]
1435 1417 1570 1456 quam

156 1471 197 1510 in
237 1469 449 1523 Apostoli
486 1475 616 1511 textu
650 1470 894 1520 inveniunt,
926 1484 1005 1523 per
1037 1484 1229 1511 amorem
1258 1470 1506 1521 honestatis,
1528 1477 1572 1512 et

156 1552 236 1593 per
277 1539 571 1580 intentionem
624 1553 740 1593 quae
781 1539 1044 1593 simpliciter
1086 1554 1167 1595 pro
1214 1539 1393 1593 objecto
1435 1540 1571 1582 habet

157 1607 418 1648 honestatem
450 1605 540 1658 rei,3
562 1622 743 1648 necesse
766 1609 847 1648 erit
879 1615 928 1649 ut
960 1615 1005 1649 et
1033 1609 1117 1662 ipsi
1155 1609 1284 1649 nobis
1323 1611 1570 1651 concedant

159 1676 363 1717 satisfieri
386 1690 517 1730 posse
549 1691 627 1730 per
659 1677 956 1717 intentionem
983 1691 1098 1730 quae
1120 1691 1202 1730 pro
1233 1677 1412 1731 objecto
1433 1678 1570 1719 habet

158 1745 501 1786 commoditatem
535 1752 611 1786 aut
645 1746 902 1798 voluptatem
941 1746 1234 1796 moderatam,
1272 1761 1410 1800 quum
1445 1748 1568 1788 Deus

204 1941 213 1961 ¹
237 1944 259 1957 “
274 1941 303 1972 ΙΙ
320 1953 340 1982 y
356 1952 375 1972 a
391 1941 433 1972 ici
450 1941 530 1972 trois
546 1941 650 1982 partis
673 1940 829 1982 opposes.

209 1987 233 2000 “
246 1986 310 2016 Les
341 1985 532 2016 defenseurs
565 1984 614 2025 (a)
645 1986 686 2016 de
716 1986 749 2016 la
787 1984 928 2016 relation
956 1985 1112 2026 explicite
1127 1996 1133 2016 :
1167 1986 1281 2017 Facite
1307 1988 1421 2017 omnia
1456 1985 1567 2027 (donc,

158 2028 325 2071 praepa,-
348 2028 504 2070 piecepte
528 2029 729 2070 affirmatff;
757 2029 915 2070 precepte
940 2028 1130 2069 unzversel.)
1178 2030 1223 2060 ln
1242 2030 1385 2070 gloriam
1405 2029 1504 2071 (donc
1522 2041 1567 2060 72·-

161 2074 267 2104 latz'on
281 2072 453 2113 explicite.)
504 2072 613 2109 Donc,
630 2083 673 2103 on
689 2082 731 2103 ne
748 2072 889 2103 satisfait
905 2083 945 2103 au
963 2073 1011 2103 dit
1022 2073 1180 2114 precepte
1196 2083 1260 2115 que
1276 2084 1336 2114 par
1345 2084 1410 2105 une
1426 2074 1567 2106 relation

165 2117 331 2158 explicite.
382 2115 481 2146 Voilzi
494 2115 525 2146 le
543 2126 620 2147 sens
637 2117 667 2147 le
684 2117 759 2157 plus
777 2116 937 2157 complet.

210 2160 344 2195 ‘Maiffi
357 2159 548 2190 Thomistes
565 2166 597 2190 et
615 2160 785 2195 Scotistes‚
800 2170 884 2190 nous
900 2170 1090 2191 convenons
1107 2170 1172 2201 que
1188 2159 1221 2191 la
1237 2160 1387 2192 doctrine
1403 2171 1445 2192 en
1468 2161 1568 2192 serait

163 2209 240 2264 trop
256 2204 466 2244 ligoureuse;
487 2213 570 2233 nous
585 2214 606 2243 y
622 2211 804 2244 apportons
820 2204 878 2234 (les
901 2203 1174 2245 temperaments.

220 2248 308 2278 Les
324 2246 515 2277 'lhomistes
542 2245 584 2286 (b)
612 2252 797 2288 respectent
824 2247 854 2277 le
867 2247 977 2287 ftzczte
992 2248 1114 2283 omnia,
1138 2247 1222 2279 mais
1249 2247 1290 2279 ils
1317 2251 1480 2279 torturent
1502 2246 1566 2278 l‘in

157 2299 212 2333 glo
219 2293 314 2321 ›f-nlm
363 2291 428 2321 Les
445 2289 605 2321 Scotistes
624 2289 645 2331 (ι
643 2290 662 2330 >
681 2295 869 2331 respectent
885 2289 905 2321 l'
918 2301 954 2321 tn
972 2291 1131 2332 g‘louzam,
1151 2297 1183 2322 et
1200 2292 1411 2323 adoucissent
1426 2292 1457 2323 le
1467 2292 1568 2332 fizcite

163 2345 291 2366 omma.

212 2380 235 2393 ‘⁶
247 2376 336 2418 Quel
352 2381 400 2408 est
417 2376 448 2408 le
463 2376 538 2418 plus
554 2375 717 2418 plausible
734 2377 775 2408 de
792 2387 845 2408 ces
861 2377 948 2409 deux
972 2377 1258 2419 temperaments?
1303 2378 1386 2417 Moi,
1408 2377 1564 2415 Scotiste,

161 2422 195 2463 je
212 2422 263 2452 dis
279 2432 344 2462 que
360 2422 438 2452 c'est
461 2423 492 2451 le
509 2423 612 2451 mien.
662 2421 821 2460 Lesacz‘te
834 2422 945 2451 onznia
962 2432 997 2452 se
1013 2428 1106 2463 prete
1123 2423 1201 2453 bien
1217 2422 1327 2453 mieux
1344 2422 1363 2453 ὲ
1378 2432 1458 2453 mon
1479 2421 1567 2458 idee,

163 2476 228 2507 que
257 2464 328 2496 l’zn
349 2465 495 2504 gloriam
520 2474 583 2495 aux
608 2463 782 2505 exigences
809 2465 868 2496 des
890 2464 1124 2497 Themistess’
1184 2466 1324 2503 Laloux,
1358 2466 1415 2497 Τν.
1432 2466 1471 2496 de
1493 2466 1564 2496 Act.

162 2508 346 2544 Humanis,
364 2508 455 2539 Diss.
470 2515 502 2547 9.
517 2513 646 2550 quaest.
662 2517 696 2549 4.
716 2508 766 2538 II.
787 2514 832 2540 10.

206 2553 220 2572 2
238 2552 374 2587 Laloux,
391 2551 473 2582 ibid.

207 2597 221 2616 ⁴⁰
238 2596 318 2626 Vid.
333 2600 441 2632 antea,
457 2605 488 2628 n.
510 2594 586 2637 615.
