1716 2729
143 132 214 159 nn.
238 120 318 171 28;
353 131 418 172 31,
442 121 527 175 32.]
616 121 667 161 de
686 119 868 161 Actibus
888 119 1125 161 Humanis.
1469 131 1552 172 217

143 235 324 283 famulo,
359 239 570 290 “tempus
594 236 880 290 perfrigidum
905 241 982 285 est,
1005 237 1222 277 accendas
1240 237 1387 290 ignem
1410 241 1458 277 ut
1481 249 1553 276 me

143 304 441 347 calefaciam.’'
503 307 702 347 Verbum
736 311 812 346 aut
833 319 945 358 opus
976 304 1246 358 hujusmodi,
1268 306 1349 346 etsi
1373 319 1459 346 non
1496 306 1552 346 sit

144 374 370 415 moraliter
390 374 639 421 honestum,
664 380 815 415 tamen
838 386 926 412 non
949 373 1051 413 ideo
1073 373 1207 414 debet
1230 374 1316 413 dici
1338 373 1551 416 otiosum:

141 442 276 483 verba
306 456 423 495 verO,
446 449 522 482 aut
544 455 690 495 opera,
712 441 867 495 prioris
898 440 1071 494 generis
1094 441 1150 482 ab
1172 442 1378 482 omnibus
1409 442 1552 482 otiosa

142 516 388 549 censentur.
471 509 607 561 Cujus
651 510 880 550 doctrinae
922 509 1140 549 rationem
1183 509 1389 563 egregius
1431 509 1549 550 idem

141 583 297 618 auctor
310 578 370 617 sic
386 578 534 627 tradit,
556 577 698 631 “quia
716 577 865 627 homo,
882 591 1019 630 quum
1044 577 1270 618 rationalis
1288 578 1357 626 sit,
1374 582 1552 618 tenetur

142 645 313 698 operari
337 645 393 686 ob
430 646 611 699 aliquod
635 646 701 686 sui
726 646 906 694 bonum,
930 645 1021 686 sive
1054 652 1274 698 quatenus
1309 643 1549 698 spiritualis

145 720 227 764 est,
262 714 353 754 sive
389 721 608 767 quatenus
641 721 708 754 est
739 714 1009 768 corporalis:
1059 728 1165 767 ergo
1201 714 1236 754 si
1271 713 1551 767 operationes

149 782 372 823 humanae
407 783 587 836 aliquod
626 783 793 823 bonum
831 782 1086 836 hujusmodi
1122 796 1210 823 non
1253 782 1448 823 habeant
1481 780 1550 837 [ut

140 864 221 903 vg.
258 851 393 892 verba
428 865 541 904 quae
575 866 632 892 ex
675 851 770 892 solo
811 852 960 892 animo
998 851 1210 904 loquendi
1249 849 1548 904 proveniunt],

138 932 196 959 eo
218 919 315 972 ipso
337 926 465 960 erunt
489 920 670 960 vitiosae
694 926 737 960 et
754 926 907 959 contra
930 926 1160 960 naturam:
1194 919 1236 959 id
1256 919 1376 972 quod
1394 931 1547 959 verum

143 990 209 1025 est
230 985 321 1025 sive
342 985 477 1025 verba
499 992 616 1039 sunt,
639 986 731 1026 sive
753 985 838 1025 alia
861 981 1047 1038 opera.'’l

197 1052 295 1104 631.
331 1053 505 1094 Eodem
563 1068 694 1094 sensu
743 1054 875 1107 plane
928 1053 1220 1106 intelligenda
1273 1059 1376 1094 sunt
1428 1053 1548 1095 dicta

140 1120 220 1162 SS.
247 1122 425 1161 Patrum
445 1136 559 1175 quae
574 1122 644 1162 hic
659 1122 766 1163 citat
781 1119 1203 1163 Mondschei112z—-“
1221 1121 1294 1162 Sic
1313 1121 1355 1163 S.
1373 1121 1548 1162 Hilario

137 1189 320 1229 verbum
363 1190 554 1230 otiosum
605 1196 672 1231 est
714 1194 724 1212 ⁴
741 1190 922 1230 Dictum
967 1188 1141 1230 inutile'
1162 1203 1171 1240 ;
1222 1189 1334 1230 Ven.
1378 1189 1544 1239 Bedae,

141 1260 151 1279 ‘
171 1257 359 1297 Locutio
404 1258 676 1312 superflna’;
727 1258 1017 1309 Tertulliano,
1077 1258 1290 1299 ‘Dictum
1342 1264 1546 1310 superva-

134 1340 313 1366 caneum
329 1326 363 1376 ’3
408 1327 451 1368 S.
493 1327 749 1376 Ambrosio,
803 1327 1026 1368 ‘Verbum
1082 1341 1164 1367 non
1208 1327 1488 1379 fructuosum
1507 1326 1515 1341 ’
1535 1340 1544 1376 3

142 1394 183 1436 S.
229 1394 567 1448 Chrysostomo,
610 1401 619 1418 ⁶
640 1395 771 1450 Quod
815 1396 879 1436 rei
902 1396 1145 1449 propositae
1181 1410 1263 1436 mm
1299 1393 1545 1445 convenz't’;

140 1463 184 1504 S.
232 1464 526 1516 Hieronymo,
569 1468 576 1484 ‘
598 1464 731 1518 Quod
773 1465 866 1505 sine
915 1465 1106 1505 utilitate
1151 1471 1195 1505 et
1237 1463 1458 1517 loquentis
1501 1468 1545 1504 et

135 1531 359 1572 audientis
381 1533 564 1573 dicitur.'
629 1533 718 1574 Ubi
737 1533 860 1574 vides
883 1534 1002 1586 quod
1022 1533 1156 1586 juxta
1176 1533 1257 1573 hos
1280 1532 1434 1572 Patres
1456 1544 1544 1572 non

137 1601 281 1641 solum
303 1602 436 1642 verba
469 1602 555 1654 pia,
581 1608 657 1642 aut
690 1602 872 1642 omnino
903 1602 1160 1651 necessaria,
1183 1606 1454 1641 excusentur
1488 1599 1545 1640 ab

134 1670 373 1720 otiositate,
398 1671 474 1710 scd
499 1671 633 1711 ctiam
657 1684 771 1724 quae
794 1670 924 1711 utilia
946 1677 1049 1711 sunt
1072 1670 1127 1711 ad
1151 1670 1260 1710 fines
1283 1684 1371 1711 non
1394 1671 1543 1711 incon-

138 1739 364 1780 venientes
387 1746 431 1780 et
453 1739 632 1780 aliunde
655 1754 736 1780 mm
749 1739 1041 1793 prohibitosss’ss

196 1809 291 1858 652.
327 1807 364 1847 E
416 1809 637 1849 contrario
693 1808 955 1848 Thomistae
1011 1808 1291 1848 communius
1332 1809 1544 1849 docentes

134 1876 334 1917 actiones
351 1891 464 1930 quae
481 1878 538 1918 ob
561 1877 693 1918 finem
713 1877 846 1918 solius
862 1877 1073 1931 physicae
1087 1877 1418 1918 commoditatis
1437 1877 1544 1918 fiant

180 1982 192 2003 ²
206 1984 359 2025 Arriaga,
380 1985 422 2014 ln
444 1992 469 2014 1.
488 1993 519 2014 2.
539 1986 572 2014 S.
599 1984 748 2020 Tszavms,
770 1984 827 2014 Tr.
847 1983 888 2015 de
910 1987 990 2014 Act.
1011 1983 1190 2019 Humanis,
1209 1983 1306 2024 Disp.
1325 1982 1389 2014 xxi.
1407 1993 1441 2013 n.
1458 1990 1514 2022 47.

177 2026 190 2046 2
212 2027 267 2059 Tr.
286 2028 324 2058 de
337 2029 412 2059 Act.
430 2028 617 2065 Humanis,
635 2038 669 2058 n.
687 2035 764 2068 473.

180 2068 194 2087 ³
211 2071 377 2101 Audiatur
417 2076 528 2102 tamen
572 2071 744 2111 Laymann
784 2070 971 2101 doctrinam
1017 2069 1267 2101 Thomistarum
1312 2079 1539 2110 propugnans.

133 2114 290 2145 “Omnis
314 2115 402 2146 actio
426 2125 467 2145 ex
491 2114 624 2156 objecto
652 2114 684 2144 in
699 2114 853 2151 lifferens,
873 2124 938 2154 v.g.
956 2113 1117 2144 festucam
1141 2113 1243 2144 humo
1267 2113 1389 2150 levare,
1406 2113 1432 2143 si
1458 2112 1539 2144 deli-

136 2157 250 2188 berate
273 2157 340 2193 fiat,
367 2159 411 2188 ob
438 2157 536 2188 finem
563 2158 709 2198 aliquem
738 2157 923 2188 necessario
951 2156 1008 2188 fit:
1046 2167 1130 2198 quae
1159 2156 1276 2187 relatio
1301 2157 1342 2186 ad
1373 2156 1483 2193 finem,
1512 2155 1538 2186 si

139 2209 228 2232 recta
245 2206 344 2242 atque
360 2201 480 2232 rationi
508 2201 686 2232 conformis
712 2201 763 2232 sit.
780 2211 849 2241 v.g.
866 2200 892 2232 si
916 2200 1077 2231 festucam
1105 2200 1204 2231 tollas
1221 2206 1255 2231 ut
1281 2199 1424 2230 cubiculi
1441 2209 1540 2230 mun-

137 2244 235 2275 dities
249 2245 392 2283 corporis
407 2249 504 2285 alque
517 2245 652 2275 animae:
673 2244 869 2274 munditiem
886 2244 950 2274 tibi
971 2244 1126 2281 conciliet,
1151 2244 1239 2274 bona
1265 2250 1298 2274 et
1325 2243 1465 2274 honesta
1492 2247 1542 2273 est

138 2288 214 2318 talis
231 2288 329 2319 actio.
377 2288 434 2319 Sin
451 2294 563 2318 autem
612 2311 619 2318 .
670 2311 677 2317 .
724 2287 764 2317 ad
791 2287 919 2318 nullum
944 2286 1042 2318 finem
1068 2288 1237 2317 moraliter
1257 2286 1376 2317 hemum
1394 2288 1540 2319 refertur,

137 2331 195 2362 sed
212 2331 370 2362 festucam
383 2342 448 2371 νς.
467 2331 568 2362 humo
585 2331 675 2362 tollis
691 2331 798 2361 solum
816 2335 854 2361 ut
868 2331 1104 2371 imaginationi
1117 2331 1167 2361 vel
1181 2330 1339 2360 libertatis
1354 2330 1546 2360 exercendae

137 2375 297 2415 appelttm'
319 2374 517 2414 satt'sfizcias,
548 2374 688 2405 otiosam
715 2385 754 2405 ac
779 2384 898 2404 vanam
925 2374 1062 2415 (quippe
1090 2373 1156 2404 fine
1186 2373 1300 2404 debito
1331 2372 1538 2412 destitutam)

136 2418 303 2449 actionem
320 2428 452 2449 exerces
504 2441 511 2448 .
563 2441 570 2448 .
626 2418 669 2449 Et
690 2423 856 2458 peccalum
884 2417 968 2449 est.’'
1030 2417 1228 2458 (Laymann,
1259 2416 1333 2447 Lib.
1349 2416 1372 2447 i.
1392 2421 1486 2447 tract.
1503 2415 1540 2446 ii.

138 2472 211 2503 cap.
232 2460 262 2492 8.
283 2472 316 2491 n.
335 2462 382 2500 3.)

183 2505 256 2536 Nec
272 2505 411 2535 dubium
427 2514 499 2535 esse
516 2509 624 2544 potest
641 2504 722 2545 quin
732 2504 824 2539 haec.
835 2503 1049 2545 quantumvis
1062 2503 1145 2535 mira
1157 2502 1345 2540 videantur,
1358 2501 1544 2534 necessario

138 2548 304 2589 profluant
318 2558 358 2579 ex
375 2548 615 2579 fundamentali
631 2548 796 2589 principio
820 2548 1070 2579 Thomistarum
1085 2552 1186 2588 atque
1209 2546 1395 2578 doctrinam
1425 2556 1540 2578 eorum

134 2592 274 2623 omnino
291 2597 442 2624 accurate
458 2591 651 2622 exhibeant.
