1716 2729
135 88 188 127 50
708 78 748 118 T
744 84 935 119 metatus
1354 76 1529 132 [GURY,

135 207 185 232 eo
208 195 326 245 quod
360 194 510 234 divino
532 193 661 234 alicui
693 193 908 234 attributo
941 198 1209 246 repugnaret
1232 192 1355 232 illum
1377 207 1424 233 se
1445 193 1531 233 alio

133 264 269 304 modo
305 264 467 304 habere
505 276 608 315 erga
645 275 728 302 eas.
793 262 925 302 Porro
963 262 1159 301 conditio
1197 262 1305 301 haec
1337 261 1532 302 secunda

133 338 308 373 tanturn
343 332 538 373 declarat
575 333 802 385 quomodo
835 332 1034 385 dignosci
1072 333 1211 384 possit
1234 338 1380 372 utrum
1403 331 1531 380 actio,

134 402 343 453 spectatis
381 401 586 441 omnibus
620 399 853 452 adjunctis,
889 400 1108 451 ejusmodi
1146 400 1201 439 sit
1238 413 1372 453 quam
1408 399 1531 439 Deus

136 469 231 522 lege
253 474 432 509 aeterna
453 482 504 508 ac
522 468 709 508 naturali
732 468 987 521 permittere
1016 481 1071 508 an
1104 467 1334 520 prohibere
1356 468 1530 516 debeat,

136 550 223 587 seu,
245 538 362 589 quod
387 537 503 577 idem
527 542 605 584 est,
629 542 776 576 utrum
812 536 929 576 actio
951 535 1025 575 illa
1061 550 1086 575 a
1122 536 1220 588 lege
1244 535 1329 575 Dei
1351 541 1531 575 aeterna

135 619 185 644 ac
208 604 396 645 naturali
421 604 563 657 reipsa
585 603 867 656 permittatur
889 617 943 642 an
966 603 1258 656 prohibeatur.

199 684 281 724 131.
324 673 516 720 Etenim,
536 678 582 712 ut
605 672 751 712 verbis
776 677 874 711 utar
897 669 1135 725 scriptoris1
1155 672 1229 725 qui
1251 685 1355 725 prae
1376 671 1531 712 ceteris

136 743 309 782 videtur
348 743 462 782 hanc
503 741 808 793 quaestionem
851 740 1049 781 funditus
1091 740 1389 794 perpendisse,
1430 740 1527 780 “In
1584 778 1587 780 ,

134 810 402 863 assignanda
434 809 585 861 regula
617 809 860 848 secundum
894 822 1028 861 quam
1060 809 1256 861 judicare
1293 808 1533 862 prudenter

135 891 369 931 possumus
392 890 610 931 quaenam
634 876 809 929 objecta
830 876 1028 927 honesta,
1049 891 1269 930 quaenam
1299 877 1532 917 inhonesta

136 947 233 994 sint,
276 960 365 986 non
406 951 553 999 potest
594 945 898 985 rationabilius
940 947 1117 999 procedi
1169 959 1302 999 quam
1345 945 1381 985 si
1431 944 1531 985 talis

137 1016 385 1068 assignetur
406 1015 583 1067 qualem
606 1015 648 1053 in
671 1014 916 1054 condendis
940 1014 1112 1068 legibus
1133 1015 1299 1055 vellent
1329 1029 1355 1055 a
1376 1020 1535 1056 natura

136 1083 415 1123 observatam
447 1096 541 1122 esse
573 1095 727 1122 omnes
750 1087 977 1122 creaturae
1011 1083 1331 1124 intellectuales
1381 1116 1389 1125 .
1441 1115 1450 1126 .
1499 1084 1535 1123 si

135 1151 178 1190 in
211 1156 329 1191 statu
371 1149 678 1204 possibilitatis
720 1156 765 1190 et
802 1150 948 1190 adhuc
984 1152 1177 1191 incertae
1210 1153 1266 1191 de
1301 1165 1381 1192 sua
1416 1152 1534 1191 exis—

134 1220 286 1269 tentia,
338 1221 481 1272 deque
532 1219 620 1259 suis
678 1219 850 1258 casibus
903 1219 1105 1261 fortuitis
1161 1220 1373 1260 deberent.
1424 1221 1534 1260 ferre

136 1287 393 1341 suffragium
417 1301 497 1340 pro
520 1286 701 1327 ferenda
722 1287 829 1339 lege.
893 1286 1109 1327 Probatur
1131 1301 1187 1328 ex
1221 1288 1293 1327 illo
1311 1287 1538 1341 jurisperi-

135 1361 281 1396 torum
319 1355 482 1396 effato:
517 1356 728 1397 Summus
767 1355 959 1396 omnium
1000 1356 1140 1408 legum
1170 1356 1285 1410 finis
1325 1362 1387 1396 est
1418 1356 1539 1396 salus

124 1424 298 1476 publica
316 1459 322 1466 .
357 1424 492 1465 Salus
502 1425 654 1477 populi
671 1432 870 1477 suprema
892 1425 956 1464 lex
975 1432 1071 1467 esz‘o³
1108 1425 1242 1466 Unde
1264 1439 1537 1478 consequens

134 1499 201 1533 est
229 1506 383 1533 omnes
405 1493 524 1546 leges
555 1523 565 1533 .
600 1528 604 1532 .
644 1492 975 1533 constituendas
997 1499 1179 1533 eatenus
1202 1507 1307 1542 esse,
1328 1500 1536 1546 qnatenus

136 1561 307 1601 illarum
350 1561 656 1601 observatione
699 1561 891 1601 bumana
929 1560 1105 1601 societas
1139 1574 1189 1601 ac
1210 1561 1384 1613 publzca
1416 1567 1535 1602 tran-

136 1628 331 1681 qm'llz'tas
352 1628 522 1668 meliore
541 1628 662 1668 modo
684 1628 919 1668 censebitur
935 1628 1187 1669 conservari.

199 1707 290 1747 132.
325 1699 345 1715 “
366 1696 574 1747 Jamvero
609 1697 645 1736 si
683 1696 842 1747 singuli
875 1695 1077 1736 homines
1112 1697 1256 1737 adhuc
1293 1696 1447 1737 incerti
1479 1698 1535 1737 de

135 1766 224 1804 suis
247 1764 421 1804 casibus
443 1763 782 1817 particularibus
804 1763 878 1816 qui
901 1770 1084 1816 possent
1115 1766 1301 1814 evenire,
1322 1765 1535 1806 deberent

135 1831 246 1873 ferre
279 1830 539 1884 suffragium
579 1845 635 1871 an
670 1831 753 1872 hoc
789 1832 860 1872 vel
897 1832 1003 1873 illud
1042 1833 1221 1873 deberet
1247 1847 1341 1873 esse
1366 1834 1533 1875 licitum

134 1900 203 1940 vel
225 1899 440 1949 illicitum,
463 1899 615 1952 utique
650 1899 812 1939 vellent
846 1913 898 1939 eo
935 1902 1070 1940 modo
1106 1902 1279 1941 decerni
1314 1907 1358 1942 et
1390 1901 1533 1954 legem

137 1967 235 2008 ferri
259 1980 348 2020 quo
369 1968 508 2007 modo
532 1968 567 2007 si
591 1967 784 2016 serretur,
806 1974 1057 2008 censeretur
1077 1969 1133 2008 ad
1165 1969 1533 2021 tranquillitatem

136 2037 383 2076 conducere
403 2051 412 2086 ;
444 2049 528 2088 v.g.
555 2036 857 2089 unusquisque
878 2036 1010 2077 vellet
1031 2043 1079 2078 ut
1101 2037 1334 2077 laudabilis
1354 2044 1469 2078 esset
1491 2045 1534 2078 et

137 2109 320 2143 naturae
342 2103 537 2157 placeret
553 2103 627 2143 ille
645 2104 718 2155 qui
737 2110 892 2144 contra
905 2105 1056 2145 hostes
1073 2106 1260 2159 patriam
1278 2106 1534 2147 defenderet

136 2184 235 2211 cum
259 2171 454 2223 periculo
478 2172 608 2221 vitae,
634 2186 657 2211 e
678 2178 832 2212 contra
853 2185 957 2213 vero
979 2179 1028 2213 ut
1064 2173 1315 2227 displiceret
1351 2174 1423 2214 ille
1458 2174 1532 2227 qui

134 2240 324 2292 patriam
365 2239 566 2280 hostibus
601 2240 818 2292 proderet,
839 2241 927 2293 qui,
949 2241 1089 2281 altero
1111 2242 1259 2291 invito,
1281 2242 1375 2294 ejus
1407 2242 1535 2290 bona,

135 2306 312 2356 famam,
336 2313 412 2348 aut
435 2307 572 2347 vitam
598 2308 785 2348 auferret
808 2315 903 2358 etc„
929 2315 1006 2350 etc.
1041 2309 1161 2362 Ergo
1193 2310 1236 2349 in
1267 2311 1534 2364 assignanda

134 2375 285 2428 regula
307 2375 554 2416 honestatis
578 2381 622 2416 et
644 2376 936 2417 inhonestatis
959 2378 1182 2428 naturalis,
1197 2392 1283 2418 non
1303 2393 1536 2432 possumus

173 2539 185 2559 1
212 2540 427 2582 Haunoldus,
448 2542 554 2573 Theol.
571 2543 794 2584 Speculativa,
814 2543 889 2574 Lib.
906 2552 936 2574 2.
953 2548 1046 2575 tract.
1068 2545 1088 2575 i.
1106 2555 1178 2586 cap.
1196 2555 1225 2576 v.
1255 2550 1401 2577 controv.
1422 2554 1448 2576 1.
1467 2545 1481 2585 §
1499 2553 1531 2585 9.
