1716 2729
158 117 245 146 200
750 106 981 149 Tractatus
1386 108 1571 162 [Gumg

155 229 262 264 tunc
299 228 436 271 actus,
460 223 557 273 etsi,
579 229 629 264 ut
666 226 843 265 constat
866 238 924 265 ex
962 224 1110 266 antea¹
1132 224 1276 273 dictis,
1309 237 1398 265 non
1420 230 1571 278 potest

151 292 322 331 censeri
344 291 500 340 bonus,
513 294 678 343 tamen,
697 299 745 333 ut
767 307 946 347 quoque
967 307 1027 334 ex
1045 292 1194 335 dictis2
1215 299 1405 342 constat,
1423 307 1570 348 neque

155 359 296 400 malus
313 367 380 401 est
401 361 661 411 censendus,
683 362 761 402 sed
778 361 1049 412 indifferens,
1072 363 1155 403 nisi
1173 376 1274 404 cum
1297 360 1566 403 Thornistis³

153 430 251 480 quis
293 435 546 482 propugnet
577 429 900 483 obligationem
931 430 1115 472 ulterius
1157 430 1377 472 referendi
1414 430 1568 484 hujus-

153 497 278 537 modi
311 504 461 538 actum
485 498 528 538 in
550 498 686 538 alium
711 498 845 539 finem
869 499 1095 540 moraliter
1114 499 1297 541 bonum.

216 576 309 618 574.
344 566 391 608 Si
415 567 469 618 (c)
490 567 843 608 circumstantiae
862 573 907 608 et
917 568 1033 622 fiuis
1053 576 1157 609 sunt
1179 569 1300 618 mali,
1314 575 1422 609 tunc
1443 574 1569 610 actus

155 635 298 676 malus
339 642 416 676 est.
493 636 608 685 Hoc,
650 637 772 689 quod
816 637 872 677 ad
914 636 1273 677 circumstantias
1303 637 1477 687 attinet,
1509 638 1568 679 ab

153 703 360 745 omnibus
392 705 660 757 agnoscitur,
681 705 717 745 si
749 705 896 758 agitur
918 707 973 746 de
1004 705 1340 746 circumstantia
1363 705 1573 758 graviter

155 773 301 814 mala:
339 773 458 814 idem
487 773 727 814 dicendum
750 787 847 814 esse
868 775 925 815 de
958 774 1294 815 circumstantia
1314 773 1385 814 vel
1417 773 1570 815 leviter

155 842 285 890 mala,
307 841 456 895 supra4
478 842 745 892 statuimus3
775 848 879 883 sunt
901 850 1066 893 tamen,
1086 848 1137 883 ut
1166 842 1335 883 ibidem
1357 843 1566 893 vidimus,

154 911 230 964 qui
252 911 296 951 id
319 917 497 964 negent.
560 911 711 952 Etiam
735 911 855 964 quod
888 913 945 952 ad
955 912 1094 966 finem
1131 910 1308 960 attinet,
1332 916 1382 952 ut
1418 910 1568 952 antea⁵

151 980 322 1020 dictum
346 986 425 1029 est,
446 986 551 1021 sunt
573 980 648 1034 qui
671 987 838 1033 negent
859 987 1009 1022 actum
1032 981 1133 1021 ideo
1150 980 1296 1020 vitiari
1319 979 1441 1032 quod
1463 994 1566 1022 cum

154 1048 242 1089 alio
264 1047 351 1089 fine
372 1048 492 1089 bono
513 1056 748 1090 concurrat
771 1049 914 1090 malus
946 1049 1047 1090 finis
1060 1048 1286 1102 partialis,
1319 1049 1567 1091 dummodo

154 1117 353 1170 partialis
370 1117 444 1158 ille
458 1117 558 1158 finis
578 1117 861 1158 secundarius
874 1118 944 1167 sit,
967 1125 1013 1159 et
1028 1119 1184 1161 leviter
1196 1127 1373 1162 tantum
1396 1118 1566 1160 malus:

155 1186 320 1226 ibidem
372 1199 478 1227 vero
529 1187 914 1240 propugnavimus
955 1189 1225 1230 sententiam
1279 1203 1394 1242 quae
1434 1189 1568 1229 docet

155 1262 305 1295 actum
329 1255 497 1296 malum
521 1255 612 1296 fieri
644 1255 821 1296 etiamsi
845 1262 1006 1309 agatur
1027 1258 1084 1298 de
1106 1257 1195 1299 fine
1220 1258 1479 1312 hujusmodi
1500 1257 1570 1298 vel

150 1323 415 1373 secundario,
439 1330 482 1364 et
503 1324 657 1364 leviter
675 1331 854 1364 tantum
880 1325 1012 1365 malo.

217 1401 309 1443 575.
344 1393 520 1432 Deinde
553 1392 589 1432 si
622 1406 680 1432 ex
718 1393 894 1433 duobus
934 1393 1004 1434 his
1046 1394 1283 1436 elementis
1322 1409 1460 1436 unum
1503 1400 1572 1435 est

155 1461 334 1510 maium,
351 1461 540 1501 alterum
565 1460 745 1509 bonurn,
769 1467 895 1501 actus
919 1461 1062 1504 malus
1086 1471 1165 1505 est.
1229 1464 1412 1505 Etenim
1435 1463 1509 1518 (d)
1533 1463 1569 1503 si

142 1529 258 1582 finis
274 1529 416 1569 malus
437 1536 517 1579 est,
548 1529 632 1569 etsi
654 1529 799 1570 bonae
830 1530 919 1570 sint
941 1531 1320 1583 circumstantiae,
1344 1546 1412 1572 res
1444 1538 1570 1585 patet

154 1612 212 1637 ex
235 1598 364 1638 dictis
388 1612 427 1639 n.
453 1607 545 1650 505.
610 1598 765 1651 Atque
788 1598 946 1638 eadem
981 1601 1153 1640 ratione
1189 1607 1367 1642 constat
1391 1600 1462 1653 (e),
1485 1600 1568 1641 etsi

155 1667 299 1706 banus
320 1667 378 1707 sit
400 1666 512 1715 finis,
534 1667 569 1706 si
593 1666 736 1706 malae
755 1673 860 1707 sunt
880 1667 1246 1709 circumstantiae.

215 1735 310 1785 576.
344 1734 389 1774 A
412 1734 591 1774 fortiore
613 1741 792 1775 constat
815 1734 982 1776 malurn
1005 1749 1102 1777 esse
1136 1743 1287 1777 actum
1310 1737 1346 1778 si
1377 1751 1435 1778 ex
1456 1738 1569 1778 duo-

154 1803 236 1842 bus
268 1803 319 1843 iis
342 1802 575 1843 elementis
608 1816 745 1843 unum
779 1802 947 1843 malum
970 1810 1050 1853 est,
1071 1804 1262 1846 alterum
1286 1819 1375 1846 non
1398 1805 1566 1846 bonum

153 1873 231 1912 scd
274 1870 540 1911 indifferens
605 1872 696 1912 Res
737 1879 862 1925 patet
904 1872 996 1913 sive
1038 1872 1114 1925 (f)
1156 1874 1300 1914 malus
1339 1880 1408 1914 est
1436 1874 1567 1928 fini5‚

152 1939 503 1980 circumstantiae
521 1953 624 1980 vero
641 1940 966 1993 indifferentes‚·
988 1941 1082 1982 sive
1100 1944 1168 1995 (g)
1180 1942 1296 1996 finis
1317 1942 1415 1982 indi
1449 1956 1569 1983 erens

155 2016 235 2056 est,
247 2007 600 2049 circumstantiae
619 2022 723 2050 vero
747 2009 898 2050 malae.

216 2087 307 2129 577.
341 2076 389 2118 Si
413 2076 477 2127 (lc)
493 2076 608 2130 finis
637 2083 704 2118 est
737 2076 879 2126 bonus,
913 2077 995 2118 etsi
1028 2077 1320 2131 indifferentes
1355 2080 1445 2122 sint
1481 2081 1567 2123 cir-

152 2145 446 2194 cumstantiae,
483 2151 607 2185 actus
648 2145 780 2199 plane
823 2146 966 2187 bonus
1007 2152 1089 2189 est.
1154 2147 1285 2189 Patet
1328 2162 1387 2189 ex
1429 2155 1565 2192 antea

155 2228 197 2256 n.
220 2225 316 2266 493.
341 2214 485 2256 dictis.

217 2283 312 2334 578.
348 2282 395 2322 Si
417 2296 521 2323 vcro
545 2282 594 2335 (z)
607 2282 722 2337 finis
744 2282 997 2336 indifferens
1018 2291 1097 2335 est,
1119 2285 1200 2326 etsi
1217 2285 1567 2328 circumstantiae

635 2408 646 2428 1
659 2409 736 2439 vid.
756 2414 863 2445 antea,
882 2419 938 2440 nn.
955 2416 1105 2450 507-511.

636 2454 649 2471 ²
666 2452 743 2482 Vid.
757 2461 866 2490 antea,
886 2463 942 2483 nn.
961 2454 1113 2495 512-516.

634 2498 647 2515 ³
665 2496 743 2526 Vid.
762 2496 857 2533 infra,
879 2506 936 2526 nn.
956 2504 1031 2537 593.
1050 2504 1082 2528 et
1097 2508 1166 2539 seq.

634 2539 647 2556 ⁴
666 2539 742 2570 Vid.
759 2546 868 2577 antea,
888 2550 946 2570 nn.
965 2540 1038 2580 546.
1059 2547 1091 2572 et
1107 2551 1177 2582 seq.

636 2583 648 2602 ⁵
667 2582 744 2614 vid.
761 2590 872 2620 antea,
892 2593 925 2614 n.
949 2591 1023 2624 542.
