1716 2729
126 94 167 121 n.
198 80 281 136 18.j
578 82 629 122 de
652 80 833 121 Actibus
858 80 1094 121 Humanis.
1451 94 1533 136 129

122 203 421 251 suscepturus,
446 211 492 238 se
514 203 666 238 tamen
702 197 746 236 in
786 195 962 236 Italiam
1000 196 1182 246 confert,
1215 198 1399 239 consilio
1431 199 1532 240 ideo

121 272 296 306 mutato
342 266 446 320 quia
489 264 676 318 jamjam
724 264 999 318 profecturus
1041 265 1229 306 audierit
1272 266 1529 308 intestinum

120 331 286 373 bellum
310 332 353 372 in
378 332 599 385 Hispania
620 337 827 372 exortum
851 344 974 381 esse;
1007 330 1079 371 ille
1110 332 1291 384 quidem
1315 347 1372 373 ex
1397 340 1530 384 metu,

119 400 214 440 sine
236 399 326 440 ulla
348 406 497 440 tamen
512 399 793 440 admixtione
810 399 1105 449 involuntarii,
1122 399 1354 440 consilium
1373 409 1530 453 mutat,

118 468 153 508 si
192 474 422 509 censeatur
442 469 593 509 animo
626 469 689 509 ita
725 468 967 521 dispositus
1004 468 1141 521 (quod
1176 468 1308 522 plane
1344 470 1525 522 quidem

116 536 325 577 facillime
360 550 456 577 esse
478 536 658 590 potest),
679 542 728 576 ut
759 536 844 577 hoc
877 536 959 576 iter
983 536 1196 589 suscipiat
1227 535 1346 576 haud
1380 538 1525 578 minus

115 605 304 646 libenter
324 619 459 658 quam
482 605 602 647 illud.
666 606 825 655 Immo,
848 611 896 645 ut
920 610 1079 645 notant
1102 604 1226 655 TT.1,
1241 612 1375 659 atque
1398 607 1525 648 facile

114 679 262 727 potest
284 688 341 715 ex
364 675 522 715 eodem
545 673 756 727 exemplo
779 673 981 727 intelligi,
1005 674 1067 713 sic
1089 673 1181 714 fieri
1213 681 1362 729 potest
1385 681 1434 716 ut
1465 690 1523 716 ex

114 746 234 781 metu
259 740 336 781 fiat
357 741 473 782 actio
504 755 618 794 quae
649 742 798 794 agenti
831 741 979 795 potius
1010 748 1138 794 grata
1165 756 1300 795 quam
1334 744 1524 785 molesta

112 808 198 851 sit.²

172 890 264 930 342.
289 879 494 932 Denique
512 879 582 919 hic
598 880 844 920 notandum
868 885 935 919 est
950 879 1057 919 nihil
1072 880 1249 920 obstare
1270 882 1521 934 quominus,

111 947 154 986 in
177 947 229 987 iis
261 947 396 987 etiarn
430 948 605 988 casibus
628 948 671 988 in
696 947 857 1000 quibus
880 948 997 988 adsit
1028 947 1284 1000 hujusmodi
1318 949 1520 990 involun-

108 1015 284 1066 tarium,
326 1022 471 1056 metus
508 1016 602 1070 ipse
635 1016 782 1057 valeat
804 1016 912 1057 illud
947 1016 1114 1058 tollere.
1179 1018 1269 1058 Res
1305 1025 1430 1072 patet
1461 1033 1519 1060 ex

108 1085 320 1138 exemplo
336 1084 450 1126 illius
464 1085 539 1138 qui
557 1092 705 1126 actum
723 1085 1000 1126 contritionis
1023 1087 1080 1127 ob
1100 1092 1267 1128 metum
1290 1087 1521 1140 gehennae

106 1153 251 1195 elicit:
289 1167 432 1207 neque
465 1154 584 1193 enim
625 1154 923 1194 dubitandum
962 1160 1029 1195 est
1062 1155 1168 1207 quin
1191 1155 1336 1196 valeat
1370 1156 1519 1209 hujus—

108 1223 227 1262 modi
252 1228 396 1262 metus
428 1223 484 1262 ad
507 1223 834 1275 deponendam,
865 1223 900 1263 si
933 1224 1061 1272 adsit,
1083 1223 1354 1265 velleitatem
1385 1225 1516 1266 istam

106 1305 182 1331 seu
224 1291 493 1331 inefficacem
531 1290 865 1332 inclinationem
902 1305 990 1344 qua
1027 1292 1124 1344 quis
1159 1306 1309 1333 secum
1347 1300 1517 1336 statuat

105 1359 305 1399 “nollem
328 1373 354 1399 a
375 1358 603 1412 peccando
636 1359 860 1409 desistere,
883 1373 1026 1412 neque
1049 1360 1321 1409 desisterem,
1344 1361 1425 1402 nisi
1458 1363 1516 1403 ob

104 1434 273 1468 metum
305 1425 577 1480 gehennae‚''
600 1441 713 1481 quae
750 1428 931 1480 quidem
966 1428 1001 1468 si
1039 1427 1168 1479 adsit,
1190 1429 1393 1482 profecto
1424 1444 1514 1472 non

102 1502 169 1536 est
206 1510 231 1536 a
265 1496 406 1549 culpa,
432 1504 475 1537 et
503 1496 684 1549 quidem
721 1495 856 1548 gravi,
894 1496 1114 1537 immunis.
1180 1498 1360 1539 Etenim
1393 1499 1511 1540 idem

101 1564 379 1604 contritionis
403 1564 618 1605 motivum
644 1578 733 1617 quo
755 1564 990 1617 poenitens
1014 1572 1218 1607 movetur
1239 1568 1295 1607 ad
1328 1574 1512 1621 peccata

100 1633 356 1682 deserenda,
379 1632 498 1673 haud
532 1633 676 1674 minus
714 1646 815 1673 eum
847 1647 1024 1674 movere
1054 1634 1187 1675 debet
1210 1635 1265 1675 ad
1301 1636 1511 1688 abjicien—

99 1702 202 1742 dam
255 1700 527 1741 velleitatem
575 1701 717 1743 istam.
802 1701 1023 1755 Namque,
1076 1709 1125 1743 ut
1177 1717 1268 1743 rem
1322 1705 1510 1758 exponit

98 1767 316 1822 Billuart,³
335 1770 516 1822 quando
551 1770 647 1823 ipsa
682 1769 901 1822 ejusmodi
933 1770 1146 1821 velleitas‚
1167 1785 1242 1812 seu
1276 1773 1508 1813 secundum

94 1837 205 1891 quid
222 1838 577 1888 involuntarium,
604 1843 623 1859 “
638 1845 705 1880 est
726 1853 860 1880 causa
890 1854 966 1881 seu
990 1841 1330 1882 fundamentum
1354 1843 1507 1884 induc-

95 1906 234 1946 tivum
258 1907 362 1947 mali
393 1908 512 1960 quod
544 1909 738 1958 timetur,
760 1909 937 1949 admitti
972 1916 1121 1963 potest
1154 1918 1196 1951 et
1219 1912 1354 1952 debet
1385 1913 1505 1964 quod

96 1980 253 2024 metus,
274 1975 309 2014 si
335 1975 391 2015 sit
428 1975 602 2025 efficax,
628 1976 828 2017 excludit
862 1976 982 2018 istud
1019 1979 1366 2020 involuntarium
1399 1994 1504 2033 erga

93 2056 205 2095 opus
256 2043 375 2095 quod
418 2044 658 2084 assumitur
699 2045 755 2085 ad
797 2045 1030 2086 vitandum
1074 2046 1270 2088 malum:
1313 2047 1425 2088 sicut
1467 2048 1502 2088 si

92 2110 277 2151 affectus
319 2124 451 2164 quem
504 2118 722 2154 mercator
763 2113 819 2153 ad
872 2127 975 2154 suas
1018 2128 1184 2155 merces
1236 2115 1382 2165 habet,
1424 2130 1500 2156 seu

91 2179 437 2219 involuntarium
471 2179 718 2233 [secundum
755 2181 886 2235 quid]
924 2182 1044 2234 quod
1066 2182 1202 2223 habet
1236 2184 1292 2224 ad
1326 2183 1498 2223 illarum

89 2248 422 2302 projectionem,
456 2255 573 2289 esset
605 2263 738 2290 causa
769 2250 998 2304 naufragii,
1023 2258 1168 2292 metus
1201 2252 1429 2305 naufragii,
1463 2254 1497 2292 si

129 2417 235 2449 ¹Vid.
266 2428 337 2459 v.g.
365 2417 582 2459 Bouquillon,
617 2419 722 2451 leeol.
753 2421 877 2453 Moral.
904 2421 1190 2459 AEmdamentalis,
1212 2422 1290 2452 Lib.
1314 2430 1339 2453 1.
1367 2432 1440 2463 cap.
1464 2423 1497 2453 ii.

85 2460 201 2578 aaz}
219 2504 302 2578 vig-d
311 2504 463 2545 Arriaga‚
490 2505 548 2538 Tr.
568 2505 604 2536 de
623 2507 695 2537 Act.
714 2507 903 2546 Humanis,
924 2508 1024 2550 Disp.
1047 2516 1098 2539 11.
1118 2514 1199 2539 sect.
1219 2508 1265 2538 iii.
1284 2519 1318 2539 n.
1348 2516 1399 2548 13.

202 2571 208 2577 .
234 2559 242 2578 1
270 2558 279 2578 1
308 2573 313 2579 .

1343 2605 1377 2636 K
1440 2647 1446 2653 ι
