1716 2729
166 120 223 160 70
469 100 522 143 V
755 110 985 152 Tractatus
1392 111 1568 166 [GURY,

165 239 292 266 causa
313 225 457 279 magis
480 232 635 266 remote
664 226 830 279 coafert
848 228 903 267 ad
940 225 1105 267 malum
1141 225 1432 267 efficiendum.
1496 227 1569 269 Sic

164 308 260 347 v.g.‚
298 294 360 334 ait
403 291 663 347 Laymann¹‚
699 294 883 335 fundere
924 294 1198 335 characteres
1240 299 1401 335 aeneos
1443 294 1569 336 facile

163 362 298 402 cuivis
320 375 578 402 concessum
611 368 688 412 est,
714 363 795 403 etsi
828 363 963 415 aliqui
980 362 1048 402 his
1070 362 1245 403 abusuri
1268 363 1355 402 sint
1386 363 1443 403 ad
1465 361 1567 403 hae-

165 430 294 470 resim
328 430 679 483 propagandam,
711 429 843 483 longe
874 436 1023 470 autem
1059 431 1234 483 gravior
1266 444 1397 470 causa
1431 435 1566 483 atque

164 498 403 538 necessitas
438 498 672 551 requiritur
709 503 757 537 ut
793 497 924 538 liceat
960 497 1233 538 characteres
1270 499 1473 539 ordinare
1507 499 1563 539 ad

163 565 483 606 haereticorum
522 565 656 605 libros
692 565 1025 618 imprimendos,
1108 566 1275 606 Iterum
1317 572 1465 619 potest
1498 580 1565 607 res

163 634 371 674 illustrari
406 633 616 686 exemplo
658 647 812 673 eorum
855 634 929 686 qui
972 634 1114 686 magis
1156 634 1356 674 minusve
1397 640 1566 675 remote

162 707 427 742 concurrunt
448 701 505 741 ad
527 708 760 754 peccatum
785 701 1011 742 ebrietatis
1033 715 1042 752 ;
1077 702 1151 754 qui
1174 715 1297 742 arma
1318 701 1569 751 conficiunt,

162 771 375 818 vendunt,
400 775 492 818 etc.,
516 767 615 809 etc.2

226 839 318 889 187.
351 837 522 889 Regula
558 836 740 887 Quinta.
804 838 939 878 Ratio
971 838 1118 877 minor
1146 836 1306 878 sufficit
1337 838 1381 878 sz'
1402 838 1569 889 effectus

162 913 331 947 {aalma
345 905 639 958 probabiliter,
661 919 794 959 quam
818 907 854 946 si
876 912 995 955 certo,
1015 912 1238 946 secuturus
1251 905 1538 958 praevidetur
1549 921 1568 953 ‚-

160 977 267 1016 item
294 976 404 1015 ratio
427 989 470 1014 eo
493 977 637 1015 minor
667 975 840 1024 sufficit,
862 989 941 1028 quo
973 975 1121 1015 minus
1141 974 1427 1027 probabiliter
1446 987 1568 1014 secu-

159 1050 280 1083 turus
319 1042 502 1083 effectus
539 1044 829 1097 praevidetur.
899 1043 986 1084 Hic
1023 1042 1220 1084 adhiberi
1263 1049 1448 1096 possunt
1487 1056 1562 1082 ex-

159 1111 306 1164 empla
328 1124 442 1163 quae
464 1112 520 1151 ad
543 1111 651 1151 alias
674 1111 847 1164 regulas
870 1111 1155 1151 illustrandas
1176 1112 1420 1151 traduntur.

222 1180 313 1219 188.
343 1178 515 1231 Regula
540 1179 685 1221 Sexta.
743 1180 857 1219 Item
880 1179 1023 1220 minor
1044 1178 1204 1220 sufficit
1227 1180 1338 1219 ratio
1361 1181 1395 1220 si
1419 1181 1564 1233 agitur

159 1249 214 1288 de
235 1248 320 1287 iliis
342 1248 421 1300 qui
437 1250 612 1300 speciale
630 1249 713 1302 jus
733 1249 890 1289 babent
921 1263 1094 1290 causam
1120 1249 1321 1302 ponenda
1387 1249 1461 1291 Sic
1481 1265 1562 1304 v.g.

157 1322 484 1356 sacramentum
519 1323 671 1369 petere
713 1331 737 1356 a
773 1318 974 1357 ministro
1012 1317 1087 1370 qui
1125 1318 1167 1356 in
1206 1330 1259 1357 eo
1295 1317 1564 1358 conferendo

156 1391 416 1437 peccaturus
451 1386 743 1438 praevidetur,
774 1386 955 1425 omnino
989 1385 1191 1426 illicitum
1225 1391 1292 1426 est
1330 1387 1410 1426 nisi
1446 1387 1563 1427 adsit

157 1453 363 1492 notabilis
397 1455 617 1506 quaedam
651 1467 784 1493 causa
815 1467 1049 1502 excusans,
1073 1468 1157 1507 vg.
1183 1453 1216 1493 si
1251 1460 1405 1506 urgeat
1437 1467 1560 1507 prae—

155 1527 333 1572 ceptum
357 1521 645 1561 confessionis
668 1521 736 1561 vel
760 1521 1098 1570 communionis,
1114 1527 1189 1561 aut
1211 1522 1246 1560 si
1269 1535 1326 1561 ex
1349 1521 1560 1561 dilatione

156 1590 419 1628 sacramenti
460 1590 692 1630 immineat
726 1589 968 1644 periculum
1004 1589 1167 1641 lapsus,
1206 1596 1248 1628 et
1288 1589 1373 1629 alia
1408 1588 1557 1641 hujus—

160 1655 310 1697 modi.3
373 1657 594 1697 Attamen
618 1658 759 1698 multo
794 1658 935 1697 minor
973 1657 1132 1697 sufficit
1166 1658 1276 1696 ratio
1300 1658 1334 1696 si
1358 1658 1558 1698 minister

155 1727 210 1766 de
241 1740 329 1778 quo
361 1727 505 1778 agitur
541 1727 596 1766 sit
634 1740 711 1780 vg.
749 1726 965 1779 parochus
1002 1725 1219 1778 petentis;
1267 1739 1402 1777 quum
1438 1726 1553 1765 enim

153 1794 370 1846 parochus
403 1809 460 1834 ex
488 1794 661 1846 justitia
694 1800 897 1835 teneatur
933 1799 1211 1834 sacramenta
1242 1794 1331 1833 suis
1368 1794 1555 1834 subditis

153 1863 411 1910 ministrare,
437 1862 463 1901 ii
490 1862 682 1903 vicissim
711 1862 782 1914 jus
805 1862 972 1903 habent
1004 1862 1184 1914 petendi
1207 1867 1255 1901 ut
1278 1869 1553 1902 sacramenta

151 1931 233 1971 sibi
258 1931 570 1971 ministrentur.
639 1932 806 1984 Itaque,
831 1931 893 1971 ait
923 1927 1181 1979 Suaresius,4
1203 1930 1343 1983 “quia
1364 1930 1552 1982 ipsamet

151 2005 428 2038 sacramenta
461 2005 563 2039 sunt
600 2014 678 2052 per
709 2013 756 2039 se
786 1998 916 2039 valde
948 1998 1073 2039 utilia
1103 1999 1289 2047 animae,
1313 1998 1412 2038 ideo
1443 1998 1551 2039 haec

151 2067 264 2106 ratio
287 2080 364 2119 per
386 2081 431 2106 sc
455 2067 651 2115 sufficiet,
675 2068 898 2108 moraliter
920 2067 1154 2120 loquendo,
1179 2073 1227 2106 ut
1259 2067 1386 2107 liceat
1408 2081 1549 2107 sacra-

152 2141 349 2175 mentum
383 2141 533 2187 petere
559 2148 584 2174 a
621 2135 833 2184 ministro,
866 2135 939 2187 qui
975 2149 1025 2174 ex
1054 2134 1183 2187 officio
1219 2141 1405 2182 tenetur,

191 2324 196 2342 ¹
212 2323 286 2354 Lib.
304 2323 336 2352 ii.
353 2323 449 2352 tract.
468 2321 513 2351 iii.
535 2331 609 2360 cap.
630 2320 697 2350 xiii.
715 2331 747 2351 n.
766 2327 796 2360 5.

188 2376 410 2416 2Vi<1.Gury,
431 2376 451 2406 i.
481 2374 554 2414 689,
585 2373 661 2414 (10).
710 2374 763 2404 De
787 2374 1003 2406 annotatione
1029 2374 1064 2403 P.
1082 2372 1239 2403 Ballerini
1256 2372 1380 2403 ibidem
1404 2371 1545 2412 adjecta,

155 2421 220 2451 vid.
245 2420 372 2460 Crolly,
388 2416 440 2449 Dc
454 2418 602 2459 Jztslilia
619 2421 647 2447 et
661 2417 762 2457 Jztre,
781 2417 846 2447 vol.
865 2417 911 2447 iii.
929 2427 986 2446 nn.
1003 2415 1063 2455 891
1084 2421 1116 2447 et
1128 2425 1195 2456 seq.

188 2472 288 2503 “vid
307 2473 339 2504 S.
361 2473 474 2512 Alph..
495 2471 570 2502 Lib.
590 2471 621 2501 6.
641 2476 733 2508 tract,
758 2479 783 2501 1.
803 2470 852 2501 De
863 2471 1086 2501 Sam-amentis
1103 2471 1139 2500 ia
1161 2470 1284 2503 Cum-e,
1302 2480 1333 2500 n.
1352 2468 1416 2508 89;
1437 2468 1543 2508 Gury‚

152 2517 243 2546 Part.
262 2516 294 2547 ii.
317 2527 348 2546 n.
363 2524 436 2556 233,
458 2515 582 2555 Quaer.
600 2520 648 2552 40.

181 2571 192 2589 ⁴
214 2571 319 2600 Tracl.
349 2571 386 2599 cle
402 2568 626 2600 §aeramentis
644 2568 680 2597 in
703 2568 829 2605 Genere,
850 2567 944 2608 Disp.
970 2568 1018 2597 152¹.
1037 2574 1115 2598 sect.
1137 2569 1156 2597 i.
1174 2577 1204 2597 n.
1230 2575 1276 2605 14.
