1716 2729
146 120 162 148 1
172 119 227 149 20
750 107 979 147 Tractatus
1367 104 1466 161 [GU
1474 117 1550 157 RY,

137 230 417 265 censeantur.
501 223 760 276 Requiritur
803 227 845 274 3Ο
887 230 934 264 ut
977 223 1143 264 malum
1187 223 1250 263 ita
1290 229 1551 263 eventurum

136 293 501 346 apprehendatur
537 306 625 332 non
655 306 713 332 ex
745 294 880 333 animi
913 294 1137 333 duntaxat
1167 292 1358 341 levitate,
1390 292 1468 332 Sed
1505 305 1556 331 ex

141 362 309 402 ratione
322 362 461 414 <gravi
478 375 554 401 seu
568 360 798 413 probabili.

202 442 295 482 314.
332 431 530 483 Ideoque
563 444 586 469 e
608 430 829 470 contrario
862 437 1006 470 metus
1039 431 1200 471 dicitur
1230 429 1418 470 absolute
1449 429 1556 469 levis

140 501 211 541 cui
247 501 374 540 deest
409 499 478 539 vel
516 512 653 539 unum
687 512 744 538 ex
782 499 922 539 tribus
957 499 1193 539 recensitis.
1259 497 1332 540 Sic
1369 497 1558 538 absolute

139 569 248 609 levis
269 575 472 609 censetur
494 574 639 608 metus
660 581 749 620 quo
772 568 953 608 timetur
980 572 1019 608 1⁰
1042 567 1207 608 malum
1228 580 1278 606 ex
1298 580 1340 606 se
1362 566 1458 613 leve,
1476 578 1553 605 seu

144 638 309 678 malum
329 637 559 690 ejusmodi,
593 637 725 689 quod,
747 637 921 676 etiamsi
954 636 1362 690 apprehenderetur
1384 640 1432 674 ut
1454 648 1552 688 pro-

142 706 348 747 babiliter
384 711 460 745 aut
503 711 623 744 certo
665 712 938 756 eventurum,
972 712 1123 747 tamen
1167 718 1257 744 non
1298 703 1552 744 notabiliter

138 780 443 814 «commoveret
474 774 615 814 virum
648 774 923 814 constantiae
955 774 1227 815 ordinariae:
1260 778 1337 813 aut
1360 776 1404 811 2⁰
1424 773 1551 813 time-

141 848 212 882 tur
235 843 400 883 malum
434 856 492 883 ex
516 856 562 882 se
584 842 764 895 quidem
797 856 942 896 grave,
964 843 1083 896 quod
1107 849 1258 882 tamen
1290 855 1373 882 non
1396 855 1553 895 appre-

140 910 349 952 henditur
380 917 428 951 ut
459 917 567 951 certo
598 925 742 964 neque
773 918 821 952 ut
843 911 1130 964 probabiliter
1159 916 1445 951 eventurum:
1477 917 1554 951 aut

141 982 187 1030 30
208 981 389 1021 timetur
412 980 578 1020 malurn
594 981 713 1032 quod
733 981 814 1021 etsi
832 981 894 1021 ita
912 988 1171 1021 eventurum
1195 980 1556 1033 apprehenditur,

138 1049 491 1102 apprehenditur
510 1055 662 1090 tamen
687 1065 738 1090 cx
758 1051 925 1091 ratione
945 1051 1034 1092 levi
1052 1065 1131 1091 nec
1153 1064 1255 1091 vere
1277 1051 1511 1105 probabili.

201 1126 296 1169 315.
332 1117 482 1157 Metus
518 1117 707 1158 absolute
735 1119 896 1171 gravis
928 1119 1042 1160 solet
1078 1119 1258 1172 insuper
1296 1119 1384 1159 dici
1420 1126 1556 1160 metus

136 1186 293 1227 cadens
316 1187 361 1227 in
385 1187 532 1227 virum
554 1195 841 1238 constante7n‚·
864 1203 1002 1242 quum
1019 1203 1164 1238 nemo,
1185 1189 1287 1230 licet
1304 1190 1365 1230 sic
1386 1190 1555 1239 timeat,

137 1264 372 1296 censeatur
403 1257 504 1296 ideo
527 1258 734 1298 amittere
767 1272 930 1299 nornen
954 1259 1034 1299 viri
1057 1259 1317 1299 constantis.
1380 1259 1557 1300 Dicitur

139 1329 274 1369 etiarn
299 1329 470 1381 justus,
503 1335 547 1369 et
574 1329 814 1381 probabilis
831 1345 846 1370 .·
864 1331 1032 1383 jnstns,
1063 1330 1277 1383 quoniam
1307 1331 1405 1383 quis
1424 1330 1557 1384 juste,

139 1415 215 1442 seu
247 1402 421 1452 merito,
447 1402 508 1442 sic
541 1403 698 1451 timet;
733 1409 776 1443 et
804 1403 1055 1454 probabilis,
1088 1403 1301 1455 quoniam
1335 1417 1467 1443 nemo
1499 1403 1557 1444 ob

138 1471 345 1511 timorem
379 1471 440 1511 sic
471 1477 739 1524 conceptum
773 1471 1013 1524 improbari
1038 1468 1201 1512 debet.1
1264 1471 1302 1510 E
1324 1471 1556 1521 contrario,

140 1543 285 1577 metus
325 1537 515 1577 absolute
554 1537 662 1577 levis
695 1537 783 1578 dici
820 1544 969 1590 potest
1012 1544 1156 1578 metus
1199 1551 1283 1578 non
1321 1537 1475 1578 cadens
1509 1538 1554 1579 in

138 1607 286 1647 virum
318 1614 591 1657 constantem,
614 1614 750 1659 atque
782 1608 917 1647 etiam
952 1607 1154 1660 injustiis,
1177 1613 1221 1647 et
1244 1606 1553 1659 improbabilis.

200 1679 297 1730 316.
334 1680 509 1720 Deinde
534 1678 594 1731 (b)
620 1685 768 1732 potest
801 1686 946 1719 metus
971 1678 1138 1727 (adhuc
1171 1684 1397 1732 spectatus
1429 1678 1552 1732 objec-

139 1750 245 1803 tive)
289 1764 385 1789 esse
436 1748 659 1802 respective
699 1748 860 1800 gravis
908 1748 975 1788 vel
1009 1748 1232 1800 respective
1281 1747 1399 1796 levis,
1440 1762 1554 1800 quae

139 1819 298 1859 divisio
321 1819 427 1859 satis
450 1818 714 1870 intelligitur
742 1831 800 1857 ex
819 1817 1033 1857 hactenus
1057 1816 1200 1857 dictis.
1264 1816 1412 1856 Metus
1436 1817 1553 1857 enim

139 1892 363 1945 respective
375 1890 534 1943 gravis
550 1890 622 1930 ille
644 1890 805 1930 dicitur
826 1890 911 1942 qui,
936 1889 1109 1929 etiarnsi
1132 1889 1188 1928 sit
1219 1888 1407 1929 absolate
1437 1890 1555 1938 levis,

138 1966 290 2001 tamen
324 1973 381 2000 ex
416 1959 577 2012 triplici
612 1959 758 2011 capite
789 1972 922 2011 supra
944 1972 984 2000 n.
1019 1969 1115 2009 313.
1147 1958 1377 2007 recensito,
1409 1959 1556 2011 gravis

139 2035 207 2069 est
239 2029 421 2068 relative
453 2028 508 2067 ad
545 2028 725 2080 aliquod
757 2041 897 2081 genus
931 2028 1176 2075 hominum,
1205 2040 1288 2079 vg.
1321 2027 1377 2066 ad
1416 2040 1555 2077 senes,

140 2098 357 2147 mulieres,
390 2111 562 2151 pueros,
597 2104 708 2146 etc.;
747 2111 799 2137 eo
832 2098 952 2149 quod
990 2097 1246 2150 hujusmodi
1286 2097 1453 2138 malum
1492 2099 1554 2140 sic

139 2166 466 2218 apprehensum
491 2165 602 2205 solet
625 2165 881 2206 notabiliter
913 2180 1192 2206 commovere
1215 2179 1290 2206 eos
1313 2167 1388 2219 qui
1411 2168 1457 2207 in
1480 2166 1555 2207 illo

143 2249 290 2291 genere
311 2241 545 2275 censentur
576 2234 839 2274 constantiae
859 2234 1122 2281 ordinariae,
1158 2234 1232 2286 qui
1263 2247 1424 2288 nempe
1446 2249 1552 2289 prae

139 2305 295 2344 ceteris
331 2303 517 2357 ejusdem
553 2303 726 2355 generis
766 2316 910 2356 neque
951 2304 1194 2344 timiditate
1232 2317 1376 2356 neque
1415 2306 1551 2345 animi

138 2371 398 2413 fortitudine
441 2372 633 2424 insignes
675 2373 775 2413 sint.
859 2372 1016 2425 Neque
1069 2373 1186 2413 enirn
1237 2376 1276 2413 1o
1320 2374 1555 2426 requiritur

299 2573 310 2592 ¹
329 2573 406 2604 Vid.
425 2553 583 2610 Sanchm,
608 2573 663 2603 Tr.
680 2575 717 2604 de
732 2574 960 2613 stlatrimonio,
982 2573 1062 2605 Lib.
1079 2583 1112 2613 4.
1128 2573 1216 2614 disp.
1235 2573 1282 2605 iii.
1302 2584 1334 2605 n.
1352 2580 1382 2615 5.
