1716 2729
97 95 137 122 n.
160 79 214 133 7.]
522 75 572 115 de
591 72 772 113 Actibus
794 71 1027 112 Humanis,
1438 78 1493 119 45,

96 195 215 248 quod
238 192 542 246 praevideatur
564 188 685 227 illum
709 187 783 239 qui
815 186 1012 238 gladium
1034 189 1157 237 petat
1180 197 1231 223 eo
1254 184 1492 224 abusurum

100 276 196 304 esse
219 261 274 302 ad
297 260 520 300 inimicum
544 255 847 296 occidendum.

162 342 177 370 1
192 330 252 369 16.
316 325 612 378 Obligationis
634 322 763 374 hujus
787 321 884 361 fons
907 319 1075 372 duplex
1108 332 1202 358 csse
1224 325 1371 371 potest
1391 333 1399 359 :
1436 319 1495 369 (a)

101 409 335 440 commune
351 395 568 434 fraternae
588 391 813 431 charitatis
831 394 1116 442 praeceptum
1135 400 1224 440 quo
1242 386 1499 439 prohibetur

102 481 156 506 ne
197 465 293 518 quis
330 462 453 502 alteri
495 459 706 513 praebeat
741 457 1019 499 occasionem
1062 454 1276 508 peccandi
1297 468 1305 494 :
1353 468 1403 494 ac
1442 453 1500 506 (b)

102 531 292 587 speciale
314 535 600 583 praeceptum
635 526 748 566 illius
777 525 962 572 virtutis,
986 537 1065 576 v.g.
1095 522 1306 575 justitiae,
1333 527 1501 574 tempe-

100 601 279 648 rantiae,
300 597 534 650 religionis,
559 601 651 644 etc„
683 594 752 634 cui
784 594 1041 633 adversatur
1063 589 1203 630 malus
1240 588 1424 630 effectus
1447 589 1501 628 de

101 683 190 723 quo
208 668 354 721 agitur
374 680 382 716 3
414 664 592 718 quaevis
616 663 732 703 enim
764 662 914 709 virtus,
936 660 1041 700 dum
1055 658 1274 712 primario
1296 657 1500 710 prohibet

103 751 155 778 ea
176 749 288 789 quae
311 734 393 786 ipsi
415 734 580 774 directe
602 731 900 777 adversantur,
921 727 1170 767 secundario
1192 726 1396 779 prohibet
1418 724 1504 763 alia

105 818 231 858 quae,
254 803 334 843 etsi
357 802 400 840 in
423 814 469 841 se
491 799 672 839 omnino
695 798 825 846 licita,
849 802 998 836 tamen
1017 808 1175 834 causae
1196 799 1299 833 sunt
1330 807 1388 832 ex
1411 791 1503 844 qui-

107 874 188 913 bus
223 869 446 924 profluunt
479 867 661 909 effectus
698 866 772 918 qui
811 864 1018 917 primaria
1038 862 1212 902 virtutis
1234 860 1504 913 obligatione

104 940 400 995 prohibentur.
466 936 539 978 Sic
561 949 642 988 vg.
667 935 709 973 in
741 932 951 985 exemplo
979 931 1072 983 jam
1106 929 1252 976 allato,
1276 927 1342 983 (a)
1366 928 1503 968 virtus

107 1008 335 1051 charitatis
355 1005 559 1059 prohibet
584 1018 637 1043 ne
660 1003 758 1056 quis
791 1001 915 1041 alteri
937 1001 998 1040 sic
1030 999 1239 1052 praebeat
1271 1011 1323 1038 ea
1345 997 1503 1050 quibus

104 1076 412 1132 praevideatur
433 1074 646 1114 abusurus
661 1072 704 1110 in
724 1070 959 1123 perniciem
978 1067 1152 1107 animae
1174 1079 1278 1106 suae
1296 1080 1303 1106 :
1328 1066 1504 1118 insuper

107 1146 166 1200 (b)
189 1146 325 1185 virtus
335 1142 551 1195 justitiae,
570 1140 636 1192 cuj
644 1153 693 1179 us
712 1137 957 1191 praeceptis
961 1134 1198 1188 primariis
1218 1133 1506 1187 prohibentur

106 1212 405 1259 homicidium,
442 1210 618 1255 furtum,
640 1213 684 1247 et
720 1206 805 1246 alia
838 1203 1104 1256 hujusmodi,
1138 1201 1386 1242 secundario
1406 1214 1505 1253 pro-

108 1282 230 1321 hibet
280 1293 335 1319 ne
371 1278 468 1331 quis
504 1276 629 1316 alteri
670 1275 731 1314 sic
774 1279 967 1326 praestet
1011 1272 1305 1310 instrumenta
1346 1269 1505 1322 quibus

109 1348 416 1402 praevideatur
438 1345 651 1385 abusurus
673 1342 729 1382 ad
751 1341 860 1380 haec
877 1339 1106 1393 patranda.
1170 1338 1342 1377 Eodem
1360 1337 1505 1385 modo,

109 1409 245 1457 virtus
262 1412 580 1466 temperantiae
591 1409 815 1462 primaria
832 1407 1102 1460 obligatione
1120 1406 1322 1458 prohibet
1339 1418 1393 1444 ne
1410 1405 1507 1457 quis

110 1499 157 1525 se
190 1483 375 1524 inebriet
397 1496 404 1531 3
442 1487 575 1533 atque
612 1478 882 1531 obligatione
918 1475 1171 1516 secundaria
1208 1473 1412 1527 prohibet
1453 1487 1507 1513 ne

111 1551 235 1592 alteri
270 1548 564 1603 praebeantur
601 1546 747 1586 media
784 1558 829 1584 se
866 1543 1140 1584 inebriandi:
1172 1549 1216 1582 et
1250 1542 1310 1581 sic
1335 1541 1390 1581 de
1412 1541 1507 1581 aliis

111 1618 361 1659 virtutibus

176 1696 264 1738 117.
299 1685 430 1738 Quod
453 1684 488 1724 si
511 1689 668 1736 agatur
699 1682 753 1721 de
776 1680 935 1720 effectu
967 1679 1085 1719 malo
1117 1678 1192 1731 qui
1214 1678 1386 1718 eveniet
1416 1677 1509 1716 sine

111 1754 291 1796 alterius
313 1758 508 1807 peccato,
527 1764 613 1791 non
638 1755 764 1802 urget
785 1747 850 1801 (a)
872 1747 1118 1787 communis
1134 1745 1349 1798 obligatio
1372 1744 1508 1785 chari-

113 1823 217 1864 tatis
239 1822 466 1869 fraternae,
489 1819 566 1860 sed
598 1824 773 1859 tantum
813 1815 877 1870 (b)
913 1815 1117 1869 specialis
1151 1814 1365 1867 obligatio
1396 1813 1510 1852 illius

114 1890 297 1939 virtutis,
318 1903 397 1942 v.g.
425 1887 632 1940 justitiae,
664 1884 994 1937 temperantiae,
1027 1889 1122 1932 etc,
1156 1883 1224 1922 cui
1257 1882 1512 1922 adversatur

114 1958 295 1999 effectus
326 1958 380 1996 de
402 1970 490 2009 quo
512 1955 656 2008 agitur
676 1968 684 1994 :
717 1954 778 1993 sic
800 1966 885 2006 v.g.
909 1966 975 1991 res
998 1966 1042 1991 se
1075 1951 1210 1990 habet
1232 1951 1268 1990 si
1286 1963 1438 1990 amens
1455 1950 1511 1990 sit

115 2026 188 2066 ille
208 2026 282 2078 qui
305 2025 499 2078 gladium
524 2024 580 2064 ad
601 2021 887 2062 homicidium
911 2020 1176 2072 patrandum
1198 2018 1346 2071 petat.¹

183 2172 197 2199 1
212 2171 226 2199 1
236 2161 275 2200 8.
298 2156 635 2213 Principium
651 2155 931 2208 II.-Neque
946 2161 1086 2195 tamen
1101 2167 1318 2194 commune
1321 2159 1512 2205 praecep-

117 2235 211 2268 tum
233 2225 473 2274 charitatis,
491 2238 619 2277 neque
638 2223 811 2275 speciale
824 2229 1089 2275 praeceptum
1110 2222 1225 2262 alius
1246 2221 1435 2267 virtutis,
1452 2220 1514 2258 ita

120 2297 165 2336 in
187 2295 435 2335 universum
457 2292 618 2345 oblzgat
648 2298 697 2332 ut
727 2305 948 2344 nunquam
981 2291 1105 2330 liceat
1133 2290 1361 2343 quidpiam
1393 2302 1518 2340 agere

118 2378 171 2404 ex
188 2376 268 2416 quo
289 2361 452 2402 malum
464 2359 778 2413 praevideatur
802 2366 1053 2399 secuturum.

121 2505 171 2578 Τ]
193 2505 244 2578 Dte
260 2502 324 2539 his,
346 2501 433 2532 infra
449 2501 482 2532 in
505 2501 563 2531 Tr.
582 2500 618 2531 de
645 2499 817 2531 Charz'tate
830 2498 1050 2536 stabiliendis,
1085 2498 1154 2528 vid.
1179 2496 1217 2528 S.
1240 2494 1345 2537 Alph.
1393 2494 1467 2525 Lib.
1482 2502 1516 2534 3.

153 2558 207 2578 rac
228 2570 236 2577 .
255 2554 286 2586 3.
306 2556 339 2576 n.
358 2551 412 2585 45.
