1716 2729
116 85 187 114 nn.
207 83 244 122 3,
258 68 318 122 4.]
549 64 600 105 de
620 60 798 104 Actibus
817 57 1053 100 Humanis.
1462 62 1478 91 1
1491 58 1507 88 1

119 187 250 228 latius
273 183 470 225 sumitur.
523 179 610 232 Qui
634 189 812 218 sensum
833 173 1095 215 strictiorem
1119 175 1374 223 sequuntur,
1397 179 1514 206 com-

120 255 371 308 plectuntur
401 254 573 291 tantum
606 260 657 286 ea
688 257 802 297 quae
834 256 859 282 a
891 240 1119 281 voluntate
1152 236 1412 290 proveniunt
1440 246 1516 286 per

121 322 339 364 influxum
372 318 486 358 illius
507 313 746 368 positivum
765 327 778 353 .·
811 323 924 363 quae
957 313 1060 348 sunt
1093 306 1154 358 (a)
1186 310 1318 351 actus,
1339 303 1429 342 sive
1461 301 1517 341 ab

123 392 218 445 ipsa
252 388 480 430 voluntate
521 382 666 430 eliciti,
703 381 793 420 sive
831 378 961 418 eliciti
1001 376 1056 415 ab
1090 374 1186 414 aliis
1222 370 1517 416 facultatibus,

123 459 350 500 voluntate
382 455 652 506 imperante:
685 462 735 489 ac
758 446 818 502 (b)
842 446 1009 498 effectus
1030 457 1087 483 ex
1111 439 1328 494 ejusmodi
1351 437 1520 477 actibus

125 526 406 583 profluentes.
472 519 559 572 Qui
602 515 842 557 clausulam
885 512 1138 564 intelligunt
1179 521 1307 548 sensu
1350 504 1519 552 latiore,

127 593 481 647 complectuntur
502 589 681 639 insuper
701 597 752 623 ea
770 595 883 636 quae
901 595 926 621 a
941 579 1169 620 voluntate
1191 582 1336 617 ortum
1359 573 1523 613 habent

129 676 206 717 per
227 659 444 701 influxum
468 655 600 696 etiam
623 651 871 704 negativum
890 664 903 688 .·
933 661 1046 701 quae
1068 651 1170 686 sunt
1195 643 1257 696 (a)
1282 641 1525 682 omissiones

129 744 207 772 eae
227 741 352 781 quae,
373 731 422 765 ut
444 723 554 763 infra
577 735 618 762 n.
651 721 717 760 61.
753 722 1012 771 exponetur,
1035 715 1127 754 sine
1164 712 1253 753 ullo
1285 708 1526 751 voluntatis

131 803 231 839 actu
263 794 481 841 eveniunt,
503 792 608 831 dum
640 787 843 829 voluntas
875 784 1057 825 omnino
1089 781 1261 835 passive
1288 793 1334 819 se
1361 778 1525 817 habet:

133 880 184 907 ac
225 864 280 915 (b)
320 861 487 915 affectus
525 872 582 899 ex
624 854 840 909 ejusmodi
882 850 1192 893 omissionibus
1244 846 1525 901 profluentes.

136 934 293 986 Neque
314 937 463 971 tamen
495 927 522 967 ii
554 926 628 979 qui
660 924 776 964 hunc
800 933 990 968 sensum,
1013 931 1154 971 neque
1176 917 1204 956 ii
1226 916 1300 968 qui
1323 914 1528 967 priorem,

137 1005 393 1055 sequuntur,
417 997 529 1036 inter
559 1007 605 1034 se
638 990 920 1032 consentiunt
951 988 994 1026 in
1020 1000 1099 1026 sua
1127 983 1345 1025 sententia
1363 993 1532 1033 expon-

140 1070 281 1111 enda:
323 1065 442 1119 quod
479 1063 595 1103 enirn
633 1060 792 1100 attinet
827 1057 882 1097 ad
916 1056 1093 1108 effectus,
1130 1053 1220 1093 sive
1257 1049 1410 1103 prioris
1444 1048 1534 1088 sive

142 1137 319 1180 alterius
341 1132 512 1187 generis
535 1143 666 1183 supra
690 1127 808 1175 dicti,
832 1123 1030 1165 nonnulli
1059 1122 1150 1162 TT.
1184 1119 1364 1159 effectus
1387 1116 1534 1169 hujus-

145 1207 264 1248 modi
286 1216 438 1244 omnes
470 1201 512 1240 in
545 1206 731 1250 utroque
763 1208 922 1248 genere
954 1191 1318 1245 complectuntur,
1341 1185 1412 1225 alii
1435 1199 1537 1225 vero

146 1276 190 1316 in
211 1280 397 1324 utroque
419 1269 605 1320 exigunt
637 1263 914 1305 conditiones
936 1260 1167 1314 quasdam,
1188 1270 1301 1310 quae
1323 1254 1357 1294 si
1381 1253 1538 1301 desint,

147 1342 329 1384 effectus
351 1339 406 1378 de
428 1336 586 1390 quibus
608 1333 753 1386 agitur
773 1330 951 1371 excludi
975 1328 1167 1368 debeant
1189 1340 1211 1365 e
1235 1336 1365 1365 censu
1388 1321 1540 1362 volun-

149 1408 449 1452 tarii—Patet
487 1417 588 1444 vero
630 1403 740 1442 haec
778 1399 940 1447 omnia,
976 1410 1088 1450 quae
1129 1395 1259 1434 latius
1300 1391 1411 1431 infra
1453 1390 1540 1443 (nn.

150 1477 340 1532 92-100.)
371 1478 660 1527 exponentur,
683 1469 896 1522 respicere
928 1467 1151 1506 duntaxat
1183 1474 1310 1502 usum
1341 1458 1543 1499 vocabuli

152 1563 227 1590 seu
251 1544 433 1586 modum
451 1540 671 1594 loquendi.

214 1624 277 1667 37.
311 1612 484 1652 Dicitur
525 1611 578 1657 2⁰,
618 1620 712 1647 cum
749 1603 933 1657 praevia
979 1600 1208 1641 intellectus
1247 1594 1514 1636 advertentia
1533 1608 1548 1634 .·

158 1682 277 1737 quod
295 1680 400 1720 satis
414 1692 471 1718 ex
486 1676 615 1717 dictis
628 1689 667 1715 n.
685 1684 723 1726 7.
737 1670 1016 1724 intelligitur;
1039 1667 1146 1708 nihil
1164 1666 1280 1706 enim
1296 1668 1442 1716 potest
1456 1675 1549 1702 esse

157 1752 381 1804 objectum
415 1757 652 1787 consensus
687 1740 940 1788 voluntatis,
973 1738 1092 1790 quod
1129 1748 1218 1775 non
1251 1734 1307 1773 sit
1341 1733 1458 1786 prius
1496 1731 1552 1771 ab

159 1818 383 1862 intellectu
413 1813 747 1868 apprehensum.

221 1895 283 1945 38.
319 1891 491 1932 Eodem
510 1888 662 1928 recidit
679 1883 886 1931 clausula,
903 1886 1024 1921 “cum
1039 1878 1271 1932 cognitione
1285 1875 1554 1928 singularum

164 1963 209 2003 z'n
229 1959 382 2014 quibus
401 1963 464 1998 est
480 1953 622 2003 actio,”
644 1966 791 2006 quam,
808 1948 907 1990 loco
925 1948 1039 1988 illius
1056 1960 1096 1987 n.
1121 1955 1187 1997 37.
1204 1943 1446 1996 expositae,
1464 1941 1557 1981 TT.

107 2042 117 2052 ¹
165 2029 283 2070 haud
304 2027 445 2080 pauci,
467 2021 756 2065 Aristotelem
788 2018 936 2066 secuti,
969 2017 1039 2057 hic
1071 2013 1291 2055 adhibent.
1355 2010 1480 2063 Quae
1512 2015 1560 2049 ut

168 2095 448 2148 intelligatur,
502 2091 748 2132 notandum
801 2092 867 2128 est
926 2085 1072 2138 plures
1134 2079 1372 2134 aliquando
1433 2090 1562 2131 posse

169 2154 389 2206 humanae
420 2160 604 2201 actionis
636 2163 783 2211 partes
814 2154 991 2195 secerni.
1070 2151 1143 2193 Sic
1173 2163 1252 2202 vg.
1285 2148 1320 2188 si
1351 2147 1560 2200 Joannes‚

172 2235 284 2273 inter
330 2228 592 2276 venandum,
630 2232 801 2280 patrem
838 2236 965 2262 suum
1003 2219 1201 2272 sclopeto
1236 2215 1421 2264 occidat,
1456 2213 1565 2253 haec

174 2302 330 2344 saltem
348 2304 536 2351 quatuor
549 2300 734 2349 possunt
748 2294 788 2333 in
809 2292 981 2332 actione
997 2289 1070 2329 illa
1084 2287 1270 2329 secerni:
1293 2284 1354 2337 (a)
1366 2281 1568 2336 glandem

166 2367 411 2425 plumbeam
448 2379 505 2405 ex
541 2363 738 2415 sclopeto
774 2358 948 2406 emitz‘z',·
983 2356 1041 2411 (b)
1079 2355 1122 2395 id
1156 2353 1247 2394 fieri
1282 2353 1324 2391 in
1358 2348 1569 2389 hominem

178 2438 458 2493 potiusquam
482 2432 525 2472 in
549 2431 683 2471 feram
704 2443 712 2479 ;
734 2427 786 2481 (c)
806 2426 914 2466 illud
936 2426 998 2465 ita
1014 2423 1106 2464 fieri
1123 2428 1171 2462 ut
1193 2421 1312 2460 laomo
1327 2416 1573 2462 occidatur,-

180 2506 247 2558 (d)
271 2502 495 2544 hominem
518 2499 640 2539 illum
670 2509 764 2537 esse
784 2500 954 2548 patrem
986 2491 1179 2545 Joannis.
1247 2487 1371 2527 Haec
1393 2483 1572 2537 quidem
