1716 2729
166 96 197 122 x
631 80 858 133 Praefatio
890 80 929 121 A
939 80 1106 121 actoris.

169 198 408 245 Tractatu
438 198 489 246 Ρ,
520 199 661 261 Gury
688 215 785 245 non
812 198 931 245 satis
957 197 1183 259 exposita
1208 213 1317 245 esse
1344 196 1570 245 videatur

168 281 395 330 facillime
423 282 663 345 reperturi
691 282 803 330 sint.

237 365 389 427 Quod
415 366 455 413 si
481 366 565 429 qui
592 384 670 414 me
697 365 1064 429 reprehendent
1084 368 1218 433 quod
1240 368 1347 430 ipsa
1362 364 1568 413 aliorum

169 451 460 513 scriptorum
503 450 659 497 verba
702 462 800 497 tam
843 468 994 515 saepe
1034 452 1390 516 usurpaverim,
1417 467 1569 513 quum

171 553 248 583 res
274 535 336 582 ab
363 535 420 582 iis
446 535 700 597 expositas
738 536 981 597 potuerim
1009 538 1132 585 meis
1158 537 1324 584 verbis
1360 534 1566 590 tradere,

171 638 255 668 cur
284 620 332 667 id
370 620 568 667 fecerim
608 619 702 667 hae
740 620 1054 682 potissimum
1093 632 1207 668 sunt
1233 637 1411 668 causae
1437 639 1446 665 :
1474 619 1566 682 pri-

174 722 305 752 mum
347 704 620 767 intelligere
670 721 863 767 nequeo
896 705 1015 767 quid
1059 706 1122 752 sit
1160 703 1481 753 emolumenti
1530 703 1570 749 si

171 790 281 850 quis
321 788 427 836 aliis
468 789 636 836 verbis
680 788 822 848 dicat,
863 788 1086 850 profecto
1134 806 1232 836 non
1281 787 1467 841 melius,
1513 804 1571 835 ea

171 891 298 937 quae
319 873 422 936 jam
450 891 475 920 a
504 872 787 920 clarissimis
825 872 1147 936 scriptoribus
1183 873 1317 920 omni
1343 891 1405 920 ex
1431 883 1570 936 parte

174 971 305 1006 recte
330 958 561 1021 exposita
599 957 729 1004 sint:
769 956 950 1004 deinde
976 956 1093 1004 illud
1132 974 1330 1020 semper
1349 957 1569 1020 judicavi

173 1044 373 1091 maximi
400 1060 510 1090 esse
537 1041 773 1089 momenti
812 1052 865 1088 ut
890 1041 920 1087 ii
946 1041 1028 1104 qui
1056 1041 1297 1105 incipiunt
1323 1042 1371 1088 in
1401 1041 1568 1089 Theo-

172 1128 333 1192 logiae
370 1127 585 1174 studium
627 1126 909 1173 incumbere
948 1125 1256 1173 adducantur
1302 1137 1352 1173 ut
1391 1126 1572 1189 scripta

175 1212 441 1276 insignium
491 1209 851 1272 theologorum,
902 1210 1099 1272 quoties
1159 1210 1303 1258 detur
1351 1209 1571 1272 facultas⁷

175 1298 266 1360 ipsi
308 1297 503 1343 adeant.
582 1295 695 1341 Hoc
730 1311 865 1353 vero⁷
899 1304 952 1340 ut
991 1294 1110 1340 mihi
1151 1294 1358 1347 videtur,
1385 1295 1572 1357 optime

177 1381 229 1428 fit
253 1397 402 1443 quum
431 1378 726 1441 intelligunt,
757 1378 804 1424 id
831 1377 964 1440 quod
993 1394 1080 1439 pro
1108 1378 1294 1425 viribus
1322 1390 1572 1441 praestare

175 1465 320 1521 volui,
348 1480 432 1512 eas
475 1464 648 1523 reS,cle
689 1462 867 1525 quibus
907 1474 1161 1524 quaerunt,
1192 1463 1254 1509 ab
1293 1462 1384 1508 illis
1423 1463 1571 1525 scrip-

178 1549 365 1596 toribus
397 1559 494 1595 tam
523 1547 667 1610 plene
705 1546 933 1608 clareque
970 1547 1223 1608 expositas
1249 1564 1371 1598 esse,
1401 1558 1452 1593 ut
1489 1564 1573 1593 635

179 1633 332 1681 multo
377 1631 563 1679 facilius
607 1641 772 1677 mente
821 1630 1130 1677 consecuturi
1182 1630 1280 1676 sint
1328 1647 1476 1693 quarn
1533 1631 1572 1677 si

177 1718 378 1766 easdem
419 1716 480 1762 ab
517 1714 624 1761 aliis
662 1714 862 1761 brevius
901 1715 1299 1776 contractiusque
1342 1724 1573 1761 tractatas

178 1803 359 1866 legant.

247 1886 397 1947 Quod
437 1882 637 1947 quidem
675 1882 937 1944 praecipue
974 1881 1368 1929 confirmaverim
1394 1883 1457 1930 de
1494 1882 1575 1930 illo

181 1968 598 2019 Scholasticorum
658 1966 878 2013 omnium
936 1966 1156 2028 principe
1215 1979 1264 2014 et
1320 1967 1572 2029 magistro,

180 2053 425 2116 Angelico
473 2051 708 2108 Doctore‚
756 2050 897 2112 “qui.
945 2050 1012 2096 uti
1052 2050 1322 2112 Cajetanus
1356 2050 1574 2098 animad-

182 2138 347 2200 vertit,
373 2146 571 2183 veteres
597 2133 826 2180 doctores
864 2150 1029 2180 sacros
1068 2134 1183 2195 quia
1208 2151 1400 2182 summe
1426 2152 1574 2183 vene-

183 2234 316 2270 ratus
353 2231 442 2280 est,
472 2219 583 2266 ideo
621 2216 924 2264 intellectum
962 2218 1181 2264 omnium
1208 2218 1575 2280 quodammodo

182 2306 384 2354 sortitus
432 2301 550 2361 est,‘'
613 2301 796 2364 quique
852 2301 1102 2365 “ingenio
1145 2301 1317 2349 docilis
1359 2314 1408 2350 et
1450 2319 1574 2362 acer,

183 2389 420 2438 memoria
482 2384 634 2433 facilis
697 2396 746 2432 et
802 2396 965 2442 tenax,
1026 2386 1157 2433 vitae
1215 2386 1573 2449 integerrimus,

183 2473 406 2522 veritatis
431 2462 572 2518 unice
599 2480 802 2529 amator,
830 2469 998 2516 divina
1034 2470 1347 2534 humanaque
1372 2471 1577 2518 scientia

184 2557 461 2622 praedives,
490 2553 593 2602 Soli
621 2565 934 2616 comparatus
954 2553 1123 2601 orbem
1152 2564 1389 2602 terrarum
1415 2554 1576 2602 calore
