1716 2729
126 119 141 147 1
149 108 207 157 64
715 102 756 143 T
753 110 946 144 metatus
1356 104 1535 159 [GURY‚

121 222 264 263 ordini
308 220 510 261 absolute
552 226 813 273 repugnent,
852 221 965 261 adeo
1007 226 1055 261 ut
1095 235 1323 274 nunquam
1362 224 1535 275 possint

120 292 238 333 licite
275 290 396 339 fieri;
430 296 478 330 ut
513 303 599 342 v.g.
634 290 925 343 blasphemia,
968 290 1120 331 odium
1160 291 1258 339 Dei,
1295 297 1388 341 etc„
1425 298 1534 342 etc.;

121 367 197 401 aut
220 358 439 412 ejusmodi
465 357 525 410 (b)
548 372 663 411 quae
686 358 940 411 aliquando,
962 372 1041 411 pro
1064 359 1247 399 diversis
1270 359 1330 399 rei
1352 359 1534 413 adjunc-

122 431 190 476 tis,
233 435 353 469 recto
405 427 548 469 ordini
602 441 690 467 non
743 434 1005 480 repugnent,
1048 428 1162 468 adeo
1214 434 1262 467 ut
1313 428 1375 468 sic
1416 428 1536 470 licita

122 499 345 547 evadant;
380 497 601 550 ejusmodi
634 510 714 550 vg.
738 502 842 536 sunt
877 496 1043 537 ablatio
1080 497 1139 537 rei
1177 496 1360 546 alienae,
1398 496 1536 539 laesio

121 567 318 621 corporis
341 565 409 606 vel
433 565 579 606 famae
601 564 794 613 alterius,
817 564 1118 614 homicidium,
1142 571 1347 617 aspectus
1370 565 1534 619 objecti

122 638 274 690 turpis,
292 636 423 676 lectio
446 634 569 687 pravi
592 634 701 683 libri,
724 640 818 683 eto,
841 641 919 674 ete.

179 704 276 756 446.
315 704 401 744 Hic
434 709 585 743 tamen
619 702 698 742 abs
731 716 777 742 re
809 716 897 742 non
930 702 1012 742 erit
1035 702 1387 744 animadvertere
1410 703 1535 745 illum

121 773 332 826 loquendi
367 772 563 820 modum,
585 771 692 811 satis
725 771 906 823 quidem
939 770 1238 811 communiter
1269 771 1534 822 adhibitum,

122 857 179 884 ex
216 856 267 882 eo
301 847 448 881 ortum
491 840 700 881 habuisse
733 840 852 892 quod
886 838 1153 888 “multum,’'
1187 845 1236 879 ut
1278 840 1340 880 ait
1383 846 1537 881 auctor

123 911 304 964 quidam
349 907 592 959 recentior,1
624 908 785 949 “abest
827 909 933 961 quin
976 909 1019 948 in
1061 907 1293 949 hominurn
1331 922 1536 949 sermone

122 981 279 1020 eadem
318 979 373 1019 sit
411 979 703 1031 perspicuitas
736 992 824 1031 qua
862 977 986 1017 Deus
1020 978 1151 1018 unico
1185 978 1347 1018 intuitu
1385 978 1535 1018 omnia

120 1049 330 1090 distincte
352 1048 610 1102 conspicit.’'
675 1046 808 1100 Quod
843 1053 892 1087 ut
927 1047 1085 1088 clarius
1124 1053 1389 1100 exponatur,
1411 1047 1534 1095 haec,

121 1132 235 1172 quae
258 1124 513 1170 sequuntur,
536 1131 593 1157 ex
617 1117 774 1157 eodem
799 1115 1049 1156 exscribere
1072 1114 1215 1156 liceat.

178 1197 277 1239 447.
311 1187 476 1226 “Inter
512 1186 709 1226 actiones
741 1198 927 1238 quarum
964 1184 1182 1224 malitiam
1214 1183 1289 1224 lex
1322 1184 1535 1225 naturalis

122 1263 165 1296 et
189 1262 370 1296 aeterna
404 1255 744 1295 immutabiliter
780 1253 989 1302 decernit,
1013 1258 1117 1292 sunt
1149 1252 1372 1305 quaedam
1410 1267 1541 1306 quae,

122 1332 169 1364 ut
206 1324 349 1364 malae
387 1324 487 1373 sint,
521 1337 685 1377 paucas
715 1323 995 1363 conditiones
1032 1321 1250 1374 exigunt:
1297 1328 1400 1362 sunt
1423 1321 1536 1362 aliae

119 1407 307 1447 quarum
345 1392 516 1433 malitia
559 1392 725 1445 pendet
767 1405 793 1432 a
836 1390 986 1431 multis
1028 1390 1319 1443 pluribusque
1351 1391 1534 1431 circum-

119 1462 307 1503 stantiis
372 1460 447 1502 Sic
486 1459 634 1500 odium
671 1460 760 1500 Dei
791 1467 859 1500 est
894 1459 1010 1500 actio
1045 1457 1387 1512 simplicissima,
1409 1458 1536 1511 cujus

118 1538 261 1573 totam
288 1537 491 1571 naturam
528 1528 692 1569 malam
717 1542 805 1569 uno
829 1534 1067 1582 prospectu
1101 1527 1263 1568 mentis
1304 1527 1534 1580 concipere

119 1608 162 1641 et
185 1607 375 1653 quatuor
397 1599 582 1653 syllabis
605 1598 856 1650 exprimere
888 1610 1136 1649 possumus.
1198 1595 1407 1636 lllz'cz'tzcm
1430 1608 1534 1635 vero

116 1669 397 1710 homicidium
420 1673 487 1708 est
509 1667 625 1707 actio
647 1665 886 1718 complexa
907 1665 1046 1713 valde,
1069 1664 1194 1717 cujus
1217 1663 1386 1704 malitia
1407 1663 1534 1717 plura

119 1737 301 1790 requirit
323 1753 330 1777 :
352 1742 400 1776 ut
423 1735 650 1775 occidatur
670 1734 819 1783 homo,
835 1740 883 1774 ut
905 1733 1133 1774 occidatur
1149 1732 1322 1786 privata
1344 1733 1534 1773 auctori-

118 1813 224 1854 tate,
267 1812 314 1845 ut
356 1804 586 1845 occidatur
627 1816 705 1856 per
746 1802 930 1842 modum
975 1801 1283 1854 aggressionis,
1324 1813 1412 1840 non
1456 1814 1535 1854 per

119 1875 302 1915 modum
322 1873 471 1926 justae
493 1870 762 1911 defensionis
823 1901 833 1909 .

176 1945 274 1996 448.
307 1944 483 1983 “Porro
514 1941 590 1982 lex
623 1940 835 1981 naturalis
867 1946 911 1980 et
943 1946 1135 1989 aeterna,
1157 1945 1287 1993 prout
1320 1944 1387 1979 est
1419 1939 1462 1979 in
1485 1953 1532 1980 se

120 2021 164 2055 et
195 2016 238 2055 in
263 2020 412 2054 mente
445 2012 606 2060 divina,
638 2024 727 2051 non
751 2011 1014 2064 pronunciat
1036 2009 1252 2050 malitiam
1276 2009 1532 2062 hujusmodi

121 2084 360 2132 actionum,
378 2081 460 2121 nisi
484 2079 817 2133 comprehensis
839 2079 1047 2119 omnibus
1064 2078 1396 2119 conditionibus
1414 2079 1533 2119 unde

121 2165 272 2192 earum
297 2150 467 2192 malitia
489 2149 706 2201 exsurgit,
729 2154 773 2188 et
813 2147 1005 2188 exclusis
1040 2148 1383 2189 circumstantiis
1420 2161 1534 2200 quae

121 2222 344 2262 actionem
367 2219 534 2259 licitam
558 2218 803 2257 redderent.

177 2304 280 2345 449.
314 2290 406 2330 “In
444 2288 566 2329 nullo
598 2288 731 2340 igitur
766 2286 890 2340 [haec
922 2286 996 2328 lex
1021 2288 1233 2328 naturalis
1265 2295 1310 2330 et
1331 2287 1530 2344 aeterna]

121 2362 308 2403 deficere
345 2365 507 2414 potest,
530 2358 573 2397 in
610 2357 732 2397 nullo
770 2357 1107 2409 derogationem
1145 2357 1248 2410 pati.
1313 2357 1435 2397 Nihil
1473 2371 1530 2398 ex

121 2430 361 2483 improviso
391 2428 622 2479 continget
657 2439 869 2478 unquam,
904 2439 992 2478 quo
1014 2425 1130 2466 actio
1162 2431 1211 2466 ut
1243 2426 1360 2467 mala
1383 2439 1529 2479 repro-

292 2567 299 2585 ¹
327 2565 467 2603 Laloux,
493 2565 527 2596 T
521 2568 601 2595 rael.
621 2563 674 2594 De
687 2562 825 2594 Actibus
841 2563 1024 2601 Humanis,
1053 2562 1140 2594 Diss.
1165 2570 1193 2602 7.
1222 2567 1301 2594 sect.
1323 2572 1351 2594 1.
