1716 2729
128 90 198 119 nn.
217 75 270 116 28
290 88 300 125 ;
334 83 400 125 31,
424 68 507 123 32.]
584 67 635 107 de
655 62 837 106 Actibus
857 60 1097 103 Humanis.
1449 62 1535 104 209

130 192 285 241 malus,
324 187 400 242 qui
441 184 623 239 quidem
664 180 787 221 nulla
839 178 938 219 finis
990 174 1203 216 relatione
1253 167 1534 213 cohonestari

130 260 281 315 possit,
299 255 511 297 relatione
528 248 777 292 istiusmodi
797 245 978 287 minime
995 243 1204 295 indigere,
1220 240 1331 280 adeo
1353 237 1533 291 quidem

131 336 179 371 ut
203 326 425 369 moraliter
444 324 587 363 bonus
610 319 678 367 sit,
699 331 752 358 eo
775 317 871 369 ipso
893 313 1013 368 quod
1037 324 1125 352 non
1147 310 1205 349 sit
1229 307 1379 348 malus.

190 398 288 448 605.
324 394 408 434 His
445 390 578 443 igitur
610 387 666 427 ad
707 386 878 437 integre
914 378 1232 435 exponendum
1266 373 1538 428 quaestionis

132 477 310 507 sensum
348 457 611 515 praemissis,
649 452 907 495 exhibenda
946 454 1049 490 sunt
1083 450 1346 500 argumenta
1378 442 1539 495 quibus

132 533 395 576 Thomistae
415 526 660 580 suscipiunt
681 521 950 564 sententiam
974 530 1101 559 suam
1124 513 1331 555 stabilire.

193 632 289 674 606.
321 630 653 670 ARGUMENTA
683 622 722 662 T
727 624 1079 662 Ho-M1STARUM.
1153 612 1542 665 Argumentantur

133 703 267 757 igitur
308 703 347 740 1⁰
368 711 425 738 ex
462 694 631 735 ratione
667 689 917 742 theologica
935 682 1373 738 z—Quotiescunque
1406 677 1542 718 homo

136 771 378 814 deliberate
415 765 520 819 agit,
555 762 691 803 debet
725 772 855 812 agere
879 763 925 797 ut
958 755 1107 802 homo,
1130 752 1173 792 id
1196 756 1275 798 est,
1297 747 1542 789 secundum

136 838 412 893 exigentiam
449 839 494 874 et
527 831 794 884 dignitatem
832 831 1017 867 naturae
1055 819 1288 863 rationalis
1304 834 1323 867 ,·
1357 817 1400 857 id
1425 815 1543 856 enim

136 909 343 951 omnibus
365 905 421 946 ab
444 901 644 942 Auctore
668 902 851 937 naturae
875 893 1067 934 inditum
1089 895 1169 938 est,
1192 893 1241 928 ut
1262 884 1546 938 unumquod-

137 991 224 1032 que
265 979 371 1028 agat
412 969 658 1013 secundum
692 963 998 1007 conditionem
1042 965 1086 1000 et
1120 955 1396 1010 exigentiam
1440 966 1546 993 suae

139 1052 337 1088 naturae.
380 1039 523 1093 Atqui
547 1048 678 1090 agere
700 1031 946 1074 secundum
969 1027 1272 1069 conditionem
1296 1029 1340 1064 et
1361 1022 1546 1074 exigen-

138 1116 248 1157 tiam
299 1116 483 1152 naturae
544 1102 785 1151 rationalis,
837 1105 905 1141 est
955 1110 1087 1150 agere
1147 1098 1327 1148 propter
1378 1090 1544 1130 bonum

139 1184 397 1228 lconestnm‚·
439 1175 547 1218 illud
584 1173 702 1214 enim
738 1171 906 1211 bonum
944 1166 1184 1207 honestum
1227 1161 1387 1202 dicitur
1428 1157 1548 1211 quod

142 1250 349 1294 convenit
384 1253 428 1288 et
462 1243 687 1286 conforme
720 1246 787 1280 est
823 1236 997 1278 rationi.
1062 1233 1183 1285 Ergo
1215 1226 1551 1281 etc.¹-—C0nfir-

143 1327 294 1362 matur
312 1319 625 1370 argumentum
648 1323 707 1350 ex
729 1321 783 1349 eo
813 1305 934 1360 quod
967 1304 1103 1344 homo
1126 1313 1206 1341 suo
1230 1298 1366 1339 modo
1388 1294 1550 1349 agendi

144 1404 170 1431 a
204 1387 344 1429 brutis
381 1380 597 1434 distingui
635 1377 798 1426 debet;
832 1385 976 1426 neque
1007 1370 1124 1412 enim
1154 1368 1289 1408 debet
1321 1378 1417 1406 csse
1440 1363 1555 1402 sicut

145 1471 283 1512 equus
325 1461 369 1496 et
411 1451 568 1499 mulus,
609 1447 772 1501 quibus
814 1456 903 1484 non
945 1446 1013 1481 est
1064 1436 1314 1479 intellectus
1369 1431 1550 1484 (Psalm.

148 1526 278 1568 xxxi.
301 1523 374 1577 9.).
434 1521 643 1574 Jamvero
677 1527 765 1555 non
788 1513 850 1554 ita
882 1510 1240 1561 distingueretur,
1273 1504 1308 1544 si
1332 1503 1389 1543 ob
1422 1501 1554 1541 finem

148 1608 256 1650 pure
278 1589 545 1638 sensibilem,
568 1598 690 1626 more
712 1582 957 1627 brutorum,
979 1572 1146 1629 ageret²
1167 1588 1176 1624 ;
1218 1584 1393 1625 semper
1425 1569 1558 1620 igitur

147 1665 283 1706 debet
314 1673 416 1701 suos
449 1662 574 1698 actus
597 1653 755 1694 referre
788 1650 830 1689 in
855 1648 988 1688 finem
1023 1643 1250 1684 moraliter
1286 1641 1454 1680 bonum
1478 1651 1554 1677 seu

149 1725 425 1774 honestum.ss

209 1801 305 1852 607.
337 1796 724 1848 Argumentantur
760 1790 803 1828 2⁰
835 1799 893 1826 ex
923 1781 1067 1824 verbis
1101 1778 1264 1822 Christi
1300 1776 1449 1831 (Matt.
1484 1773 1557 1813 xii.

154 1868 241 1922 36.)
261 1868 352 1909 :--“
370 1865 484 1905 Dico
519 1866 668 1901 autem
691 1856 817 1898 vobis
845 1852 949 1907 quia
980 1863 1113 1891 omne
1144 1847 1330 1888 verbum
1363 1844 1557 1884 otiosum

153 1937 273 1991 quod
296 1933 432 1975 locuti
464 1929 624 1972 fuerint
655 1925 869 1971 homines,
894 1919 1081 1961 reddent
1114 1917 1331 1958 rationem
1365 1913 1419 1954 de
1441 1925 1494 1952 eo
1516 1911 1560 1951 in

156 2006 227 2048 die
244 2000 435 2058 judicii.”

213 2073 308 2115 608.
342 2070 416 2111 Ex
466 2066 627 2121 quibus
676 2065 989 2116 argumentum
1039 2055 1100 2096 sic
1151 2051 1388 2094 conficiunt
1413 2047 1560 2089 1--Ad

157 2138 472 2184 stabiliendam
495 2133 816 2188 obligationem
848 2141 936 2181 qua
958 2124 1112 2166 nititur
1133 2120 1353 2163 sententia
1380 2116 1562 2158 Thomi-

157 2219 325 2254 starum
344 2206 503 2249 sufficit
517 2204 600 2245 tria
615 2203 919 2243 demonstrare
941 2211 949 2236 z
976 2198 1055 2243 lum,
1077 2192 1302 2234 Christum
1317 2186 1564 2228 declarasse

155 2279 342 2322 verbum
378 2288 473 2316 esse
508 2273 610 2313 ideo
646 2267 872 2310 moraliter
910 2262 1076 2304 malum
1106 2259 1226 2314 quod
1263 2258 1319 2297 sit
1354 2254 1562 2296 otiosum:

204 2413 212 2430 ¹
238 2411 319 2442 Vid.
345 2409 469 2445 Gonet,
501 2406 556 2438 Tr.
583 2404 620 2435 de
642 2402 837 2435 Moralitate
857 2400 931 2430 Act.
955 2398 1213 2432 Humanarum,
1234 2393 1332 2434 Disp.
1352 2397 1383 2433 5.
1409 2395 1469 2421 art.
1487 2389 1509 2420 i.
1529 2399 1564 2419 n.

164 2464 201 2497 17
217 2466 224 2492 ;
252 2454 402 2490 Binum-t,
428 2452 486 2483 Tr.
503 2450 541 2481 de
555 2449 629 2480 Act.
649 2444 834 2480 Humanis,
853 2443 943 2474 Diss.
961 2451 992 2481 4.
1013 2445 1076 2472 art.
1095 2439 1126 2471 6.

204 2500 218 2519 ‘·’·
241 2498 320 2530 Vid.
333 2497 456 2533 Gonet,
476 2492 560 2525 ibid.
578 2502 610 2523 n.
631 2489 686 2526 183
713 2488 862 2521 Billuart,
881 2486 961 2517 ibid.

204 2543 218 2563 3
241 2541 394 2579 Billuart,
417 2539 474 2570 Tr.
493 2537 531 2568 de
544 2536 620 2567 Act.
638 2533 822 2571 Humanis,
838 2530 922 2562 ibid.
