1716 2729
163 89 179 117 1
187 89 246 128 44
745 75 978 116 Tractatus
1390 74 1572 129 [GURY,

211 195 305 245 382.
339 192 611 244 OBJICITUR
634 195 680 233 2⁰
699 206 759 233 ex
776 192 1005 233 axiomate
1031 191 1328 233 communiter
1344 191 1390 231 in
1407 191 1570 232 scholis

150 270 336 317 accepto
355 278 365 305 :
390 263 534 305 “Alia
551 271 655 305 sunt
660 261 885 317 prohibita
900 263 1006 316 quia
1024 263 1143 304 mala
1158 279 1179 312 ,·
1201 263 1288 303 alia
1309 277 1414 304 vero
1435 263 1568 313 mala,

147 335 253 389 quia
275 333 501 388 prohibita
519 332 557 373 .·”
589 332 710 386 quod
747 330 998 385 significare
1025 332 1201 373 videtur
1232 332 1468 385 quaedam,
1487 345 1572 386 vg.

149 404 302 445 odium
336 403 434 453 Dei,
471 401 811 455 blasphemiam,
846 399 1025 449 furtum,
1046 406 1144 450 etc„
1166 407 1260 450 etc.,
1284 414 1412 441 suam
1445 400 1571 441 mali-

148 474 256 514 tiam
291 486 369 513 seu
408 471 740 511 inhonestatem
775 469 838 509 ita
873 468 1039 509 habere
1072 476 1122 510 ut
1158 483 1248 510 non
1283 470 1479 522 pendeat
1509 483 1568 510 ex

147 541 297 595 aliqua
319 541 418 594 lege
440 539 715 593 prohibente.
781 538 916 579 Unde
948 539 992 578 in
1015 537 1186 579 forma:
1220 537 1269 579 Si
1292 551 1380 578 non
1404 538 1570 588 omnia,

146 609 306 651 saltem
348 609 582 663 quaedam,
623 614 728 649 sunt
768 606 870 647 ideo
903 606 1129 660 prohibita
1163 607 1268 660 quia
1307 606 1403 660 jam
1446 606 1566 647 mala

146 686 282 720 erant.
346 679 466 732 Ergo
489 692 577 719 non
600 679 645 719 in
666 678 777 731 lege,
799 690 854 717 ne
874 677 918 717 in
941 677 1039 730 ipsa
1060 678 1243 731 quidem
1262 683 1445 718 aeterna
1466 677 1566 731 lege

147 748 246 797 Dei,
268 747 524 801 reponenda
546 753 615 787 est
638 745 849 800 primaria
871 745 1024 798 regula
1057 746 1332 787 moralitatis.

206 819 300 870 383.
336 816 482 857 RESP.
506 815 621 856 Dz'st.
653 821 746 855 ant.
810 813 1045 868 Quaedam
1069 814 1171 855 ideo
1208 814 1432 868 prohibita
1462 821 1568 856 sunt

144 885 308 939 legibus
320 884 542 937 positivis,
567 884 673 937 quia
690 883 786 937 jam
824 882 944 923 mala
965 889 1092 924 erant
1125 890 1174 924 ut
1211 883 1437 937 prohibita
1468 883 1566 938 lege

144 961 326 995 aeterna
358 967 409 994 ac
450 952 655 1001 naturali,
696 952 895 992 concedo:
936 953 1158 1005 quaedam
1196 952 1299 993 ideo
1339 952 1567 1006 prohibita

144 1029 248 1064 sunt
269 1023 357 1076 lege
386 1029 561 1062 aeterna
594 1030 634 1062 et
666 1020 877 1070 naturali,
899 1021 1003 1075 quia
1020 1021 1116 1074 jam
1141 1021 1259 1062 mala
1281 1029 1420 1074 erant,
1443 1030 1565 1064 tran-

143 1099 244 1141 seat,
274 1092 344 1132 vel
364 1091 579 1139 subdist.,·
616 1091 720 1144 quia
751 1090 848 1144 jam
885 1089 1005 1130 mala
1037 1096 1164 1131 erant
1198 1090 1456 1132 radicaliter
1485 1105 1562 1132 seu

144 1161 357 1214 engitz've,
380 1160 548 1200 concedo
562 1177 582 1208 ,·
615 1159 719 1213 quia
748 1158 842 1212 jam
866 1158 985 1200 mala
1017 1166 1142 1200 erant
1151 1159 1426 1211 formaliter,
1446 1175 1563 1214 nego.

143 1230 205 1270 Et
227 1243 330 1283 nego
351 1227 690 1282 consequentiam
707 1234 752 1268 et
772 1242 1030 1281 consequens.

201 1299 296 1348 384μ
331 1296 405 1338 Sic
441 1296 683 1348 exponitur
718 1294 955 1335 distinctio.
1020 1293 1172 1348 Quum
1211 1294 1286 1335 lex
1316 1308 1451 1348 quam
1490 1296 1563 1337 hic

141 1378 478 1420 propugnamus
500 1371 549 1404 ut
585 1364 843 1418 primariam
882 1362 1147 1403 moralitatis
1170 1364 1370 1417 regulam
1405 1365 1463 1405 sit
1484 1364 1560 1406 lex

141 1443 320 1477 aeterna
354 1441 399 1475 et
434 1434 663 1482 naturalis,
685 1433 870 1473 omnino
903 1431 1147 1472 concedere
1178 1432 1283 1473 licet
1320 1433 1559 1486 positivam

139 1506 285 1559 legem
328 1517 417 1545 non
445 1516 543 1543 esse
584 1501 843 1554 hujusmodi
885 1500 1098 1553 regulam,
1135 1501 1249 1541 adeo
1286 1501 1468 1554 quidem
1511 1508 1561 1542 ut

140 1575 329 1629 plurima
344 1574 432 1613 sint
447 1572 565 1612 mala
579 1585 694 1625 quae
708 1571 810 1611 ideo
826 1570 915 1611 sint
929 1570 1131 1623 positivis
1145 1569 1318 1622 legibus
1333 1566 1559 1623 prohibita

138 1644 243 1696 quia
279 1642 374 1695 jam
418 1641 537 1681 mala
588 1639 751 1680 fuerint
791 1646 841 1680 ut
882 1638 1107 1692 prohibita
1148 1637 1245 1690 lege
1287 1643 1468 1678 aeterna
1507 1652 1558 1679 ac

138 1710 340 1752 naturali.
405 1710 464 1750 Et
503 1709 686 1762 quidem
725 1707 770 1749 S.
794 1707 1022 1755 Thomas,1
1044 1712 1357 1760 argumentum
1381 1706 1557 1747 solvens

137 1783 194 1823 de
234 1796 323 1835 quo
364 1781 435 1821 hic
478 1781 636 1833 agitur,
678 1793 809 1819 sensu
862 1778 1071 1832 exposito
1122 1778 1306 1819 axioma
1356 1779 1557 1832 exponit.

138 1850 329 1905 “Quum
368 1846 570 1897 dicitur‚‘’
593 1849 667 1897 ait,
691 1848 850 1902 “quod
887 1861 977 1888 non
1012 1860 1144 1887 omne
1183 1854 1418 1899 peccatum
1454 1847 1556 1888 ideo

138 1927 206 1961 est
239 1919 406 1960 malum
449 1918 553 1970 quia
594 1923 661 1957 est
697 1915 972 1969 prohibitum
1003 1946 1012 1955 .
1075 1948 1083 1955 .
1149 1947 1158 1956 .
1190 1914 1453 1968 intelligitur
1498 1915 1555 1956 de

139 1987 438 2040 prohibitione
453 1985 571 2025 facta
593 1999 671 2038 per
690 1984 761 2037 jus
777 1984 1031 2038 positivam.
1096 1983 1144 2025 Si
1167 1990 1317 2024 autem
1340 1983 1554 2024 referatur

139 2055 196 2096 ad
214 2054 286 2108 jus
321 2053 533 2101 naturale,
555 2053 675 2106 quod
710 2053 961 2093 continetur
991 2051 1138 2106 primo
1172 2051 1215 2091 in
1239 2051 1338 2105 lege
1371 2058 1553 2092 aeterna

224 2155 234 2164 .
268 2130 374 2163 tunc
396 2135 528 2162 omne
550 2128 784 2174 peccatum
803 2127 870 2162 est
893 2120 1059 2161 malum
1083 2120 1186 2173 quia
1202 2119 1535 2174 prohibitum.‘'²

199 2193 294 2244 383.
330 2191 378 2233 Si
400 2192 498 2245 quis
521 2198 671 2231 tamen
693 2190 800 2231 velit
821 2190 1007 2230 axioma
1025 2189 1087 2230 ita
1109 2187 1303 2242 proferre
1320 2194 1369 2228 ut
1397 2202 1550 2229 verum

139 2262 196 2302 sit
217 2262 272 2301 de
294 2261 450 2314 quavis
474 2260 586 2312 lege,
610 2260 702 2299 sive
719 2259 910 2312 positiva
931 2258 1022 2298 sive
1054 2264 1244 2305 aeterna,
1267 2270 1449 2297 necesse
1472 2264 1552 2307 est,

138 2332 258 2384 quod
294 2330 455 2370 attinet
489 2329 546 2368 ad
585 2328 728 2381 legem
766 2334 1008 2375 aeternam,
1029 2335 1079 2367 ut
1113 2325 1389 2379 intelligatur
1411 2326 1467 2366 de
1498 2326 1551 2366 iis

181 2504 190 2522 ¹
209 2503 363 2533 Summa.
387 2509 414 2532 1.
435 2509 465 2532 2.
487 2499 625 2540 Quaest.
643 2506 695 2538 71.
712 2505 774 2530 art.
788 2498 818 2530 6.
845 2499 935 2548 adst.
1170 2540 1176 2546 .
1253 2540 1260 2545 .

211 2546 256 2577 Et
272 2546 339 2577 vid.
362 2546 444 2576 Ant.
463 2544 572 2585 Mayr,
598 2542 708 2574 Περί.
733 2542 944 2580 Scholastzca,
960 2541 1074 2573 Tract.
1091 2549 1125 2580 4.
1143 2540 1233 2581 dlsp.
1250 2550 1272 2571 1.
1289 2550 1348 2571 nn.
1367 2546 1438 2580 179,
1457 2538 1533 2571 180.
