1716 2729
210 59 225 87 1
235 47 291 89 86
802 48 961 89 Tracta
966 55 1034 89 tus
1436 47 1617 101 [GURY‚

198 177 302 204 nare
324 163 524 206 solebat:
550 178 605 205 ne
627 163 684 205 ad
699 171 927 206 aeternam
942 165 1123 218 quidem
1147 164 1338 205 salutem
1354 164 1611 205 ducendum

197 247 295 273 esse
316 233 574 287 quempiam
598 233 848 287 opitulante
871 235 1116 276 mendacio.

261 311 355 353 523.
392 301 583 343 Constat
633 307 676 343 2⁰
733 316 791 343 ex
834 303 1017 343 ratione.
1083 303 1170 343 Hic
1212 302 1342 350 enim,
1387 307 1436 341 ut
1477 314 1612 354 supra

201 371 257 421 (n.
284 370 400 425 505.)
444 370 613 411 dictum
657 377 735 420 est,
780 384 869 411 non
912 371 1059 424 agitur
1100 371 1155 411 de
1195 370 1368 410 actibus
1422 369 1610 420 duobus,

198 452 387 492 quorum
425 453 538 481 unus
576 447 777 481 versatur
813 440 928 480 circa
969 439 1103 480 finem
1139 439 1467 492 attingendum,
1500 437 1613 478 alter

197 507 313 548 circa
344 509 543 549 medium
576 509 895 557 adhibendum,
918 509 996 549 sed
1029 509 1085 549 de
1117 522 1205 548 uno
1238 508 1487 561 eodemque
1509 513 1611 548 actu

198 590 288 630 quo
319 578 530 618 statuitur
562 578 709 629 finem,
741 578 815 631 qui
849 592 906 618 ex
939 591 985 618 se
1006 578 1187 631 quidem
1222 578 1365 618 bonus
1387 577 1456 625 sit,
1479 576 1611 617 attin-

198 646 395 697 gendum
420 660 515 686 esse
538 661 622 700 ope
646 648 781 687 medii
805 646 920 687 mali.
972 647 1182 699 Jamvero
1205 652 1331 700 patet
1352 645 1610 698 hujusmodi

198 723 348 757 actum
388 718 638 759 dii-‘formem
677 733 773 759 6556
811 717 973 771 regulis
1009 731 1199 768 morum,
1224 724 1268 758 et
1306 717 1406 757 ideo
1430 716 1609 757 malum.

200 785 360 838 Neque
395 787 511 827 enim
551 788 772 840 approbat
805 787 930 827 Deus
963 793 1088 828 actus
1121 800 1275 826 omnes
1308 786 1469 839 quibus
1501 785 1611 825 fines

200 853 373 894 honesti
398 855 686 909 attingantur,
720 855 798 896 sed
821 869 896 896 eos
933 861 1108 895 tantum
1134 855 1292 908 quibus
1328 854 1436 895 fines
1458 854 1611 907 hujus-

198 922 319 962 modi
343 923 625 976 attinguntur
647 925 782 965 modo
806 931 952 965 rectae
975 924 1134 963 rationi
1164 923 1390 964 conformi.
1455 923 1611 976 Atque

197 997 344 1032 rectae
381 993 541 1033 rationi
577 993 710 1047 plane
747 992 952 1034 difforme
986 999 1054 1033 est
1088 993 1286 1033 medium
1321 993 1607 1034 inhonestum

196 1073 480 1114 quocumque
503 1062 652 1110 modo,
675 1068 719 1103 et
741 1061 842 1102 ideo
864 1062 918 1101 ad
948 1062 1276 1114 assequendum
1311 1062 1444 1103 finem
1469 1076 1608 1116 quan-

195 1129 359 1169 tumvis
381 1130 563 1179 bonum,
587 1131 808 1171 adhibere.

256 1206 351 1250 524.
399 1199 575 1240 Eodem
628 1214 759 1240 sensu
813 1205 1152 1253 argumentatur
1209 1199 1252 1241 S.
1306 1197 1606 1252 Augustinus1

194 1269 216 1287 “
235 1266 369 1321 Quod
392 1268 757 1309 scelestissimum
781 1268 965 1318 facinus,
990 1269 1110 1322 quod
1144 1268 1449 1322 turpissimum
1483 1267 1607 1322 flagi-

194 1335 318 1385 tium,
353 1337 474 1390 quod
508 1337 821 1390 impiissimum
851 1336 1131 1390 sacrilegium
1166 1351 1253 1377 non
1283 1337 1457 1378 dicatur
1478 1351 1608 1390 posse

195 1404 287 1445 fieri
325 1412 443 1446 recte
480 1412 523 1446 et
554 1406 686 1459 juste,
722 1420 803 1447 nec
837 1406 1022 1460 impune
1057 1412 1247 1454 tantum,
1283 1421 1434 1447 Verum
1470 1406 1605 1447 etiam

194 1474 400 1528 gloriose,
439 1477 474 1516 si
512 1476 648 1516 semel
683 1477 1032 1518 concesserimus
1069 1476 1112 1517 in
1155 1478 1362 1518 omnibus
1400 1476 1607 1530 operibus

195 1543 322 1583 malis
345 1543 590 1589 hominum,
614 1559 695 1585 noaz
718 1545 830 1598 quid
847 1545 949 1597 fiat,
972 1546 1049 1585 sed
1072 1559 1206 1597 quare
1227 1545 1329 1598 fiat,
1353 1559 1449 1585 esse
1471 1559 1606 1598 quae-

195 1612 415 1653 rendum?
481 1614 671 1654 Interest
709 1614 890 1667 quidem
928 1613 1169 1666 plurimum
1207 1627 1296 1666 qua
1337 1627 1481 1663 causa,
1516 1627 1606 1666 quo

196 1679 293 1729 fine,
317 1694 405 1733 qua
426 1681 671 1721 intentione
694 1682 799 1735 quid
824 1681 929 1722 fiat:
961 1682 1039 1721 sed
1073 1695 1124 1721 ea
1156 1695 1271 1735 quae
1303 1688 1478 1722 constat
1510 1695 1605 1722 esse

194 1754 388 1801 peccata,
414 1749 537 1789 nullo
569 1750 714 1790 bonae
745 1763 905 1790 causae
937 1750 1140 1791 obtentu.
1174 1750 1296 1790 nullo
1327 1750 1453 1804 quasi
1486 1750 1606 1791 bono

195 1815 293 1867 fine,
315 1817 437 1857 nulla
457 1818 580 1858 velut
611 1818 729 1859 bona
759 1818 1007 1859 intentione
1037 1818 1241 1860 facienda
1272 1826 1384 1860 sunt.

195 1884 347 1939 Quum
384 1900 487 1926 vero
517 1886 611 1938 jam
652 1901 786 1940 opera
821 1887 917 1939 ipsa
959 1893 1143 1939 peccata
1179 1894 1293 1935 sunt,
1328 1890 1441 1930 sicut
1476 1890 1605 1939 furta,

193 2007 336 2049 wishing
351 2015 385 2039 to
401 2013 451 2039 set
467 2009 589 2048 myself
601 2020 656 2049 up,
676 2020 711 2039 or
728 2009 845 2050 taking
861 2020 915 2050 my
927 2011 1122 2041 conscience
1140 2010 1188 2040 sor
1205 2021 1295 2042 inore
1311 2012 1389 2043 than
1404 2013 1427 2043 it
1441 2013 1467 2044 is
1481 2013 1599 2047 worth,

195 2052 210 2082 Ι
229 2062 288 2082 can
306 2052 384 2093 only
400 2062 458 2093 say
472 2053 543 2083 that
563 2052 578 2082 1
595 2053 698 2083 admit
717 2054 739 2083 11
757 2064 792 2084 as
809 2053 893 2084 little
909 2063 945 2084 as
970 2054 1026 2084 the
1053 2060 1118 2084 rest
1146 2054 1183 2084 of
1203 2065 1258 2094 my
1274 2062 1490 2096 countryinen
1508 2080 1514 2087 .
1543 2081 1549 2087 .
1582 2057 1599 2087 Ι

193 2105 254 2126 can
271 2095 368 2136 fancy
384 2096 504 2135 myself
518 2096 675 2137 thinking
690 2097 714 2127 it
733 2107 798 2128 was
814 2097 990 2128 allowable
1006 2098 1040 2128 in
1065 2102 1211 2128 extreme
1228 2109 1319 2130 cases
1336 2099 1386 2130 foi·
1404 2111 1454 2131 me
1472 2099 1523 2141 [to
1541 2111 1599 2141 say

193 2139 282 2170 what
298 2139 324 2169 is
343 2144 399 2170 not
411 2137 510 2180 true],
529 2140 588 2171 but
606 2151 703 2171 never
717 2145 751 2171 to
773 2141 960 2181 equivocam.
1022 2141 1147 2172 Luther
1174 2141 1245 2173 said
1274 2144 1296 2158 “
1311 2142 1419 2174 Pecca
1436 2143 1603 2175 sortite1·.’'

194 2182 209 2213 1
227 2183 469 2214 anathematize
486 2183 537 2214 his
552 2184 670 2214 formal
686 2184 862 2215 sentiment
878 2194 884 2221 ;
904 2185 963 2215 but
980 2184 1072 2215 there
1087 2185 1114 2215 is
1131 2195 1150 2215 a
1166 2185 1255 2217 truth
1268 2186 1302 2217 in
1314 2187 1349 2222 it,
1364 2187 1458 2218 when
1471 2187 1599 2228 spoken

192 2226 230 2257 of
243 2227 394 2257 ma¹erial
409 2234 490 2258 acts.
512 2250 519 2257 .
533 2251 540 2257 .

239 2272 260 2286 ‘⁶
275 2271 468 2312 Supposing
484 2270 674 2310 something
688 2271 748 2301 has
765 2271 849 2301 been
867 2271 1022 2302 confided
1046 2276 1080 2302 to
1104 2272 1202 2302 mein
1220 2273 1277 2304 1116
1293 2274 1436 2305 strictest
1453 2285 1599 2314 secrecy,

193 2313 301 2344 which
320 2314 421 2345 could
437 2319 496 2345 not
513 2314 553 2344 be
572 2315 724 2345 revealed
741 2314 881 2346 without
908 2320 1000 2356 great
1029 2315 1268 2357 disatlvantage
1286 2322 1319 2347 to
1337 2317 1489 2356 another,
1508 2318 1600 2348 what

192 2367 246 2387 am
265 2358 280 2387 Ι
300 2363 333 2388 to
349 2357 420 2388 do?
467 2357 660 2399 Supposing
678 2358 693 2387 Ι
712 2368 778 2388 was
804 2358 920 2389 driven
947 2369 991 2398 1111
1009 2358 1079 2389 11110
1107 2369 1126 2389 a
1150 2369 1277 2398 corner,
1300 2360 1315 2391 I
1333 2361 1429 2391 think
1448 2361 1463 2391 I
1481 2361 1602 2392 should

191 2400 276 2432 have
294 2412 311 2431 a
327 2401 415 2441 right
429 2406 463 2432 to
478 2411 536 2440 say
551 2411 597 2431 cm
614 2402 756 2432 unu-atla
775 2425 781 2431 .
799 2424 806 2430 .
821 2424 827 2432 .
855 2401 989 2442 Society
1006 2402 1115 2433 would
1130 2403 1208 2434 bear
1222 2415 1275 2434 me
1292 2410 1360 2442 out,
1378 2404 1526 2436 whether
1536 2415 1571 2434 as
1582 2415 1601 2435 a

194 2443 317 2484 lawyer
333 2455 370 2475 or
385 2455 404 2476 a
421 2445 533 2486 priest,
552 2445 585 2474 in
603 2444 744 2485 holding
760 2444 832 2476 that
850 2445 866 2475 Ι
895 2445 960 2476 had
987 2456 1006 2476 a
1028 2446 1109 2486 duty
1127 2451 1161 2477 to
1190 2458 1244 2487 my
1262 2447 1360 2479 client
1387 2458 1423 2479 or
1440 2449 1603 2489 penstent,

194 2488 287 2525 such,
309 2488 379 2519 that
397 2499 440 2519 an
457 2488 601 2519 untrullz
620 2487 653 2518 in
671 2488 736 2519 this
754 2493 872 2519 matter
891 2499 956 2519 was
973 2495 1029 2519 not
1047 2500 1065 2519 a
1085 2489 1160 2520 lie.1⁷

238 2531 250 2550 1
269 2532 338 2563 Lib.
359 2536 472 2563 contra
498 2532 721 2570 lllendacinm,
744 2532 829 2572 Cap.
858 2540 888 2571 7.
