1716 2729
114 111 151 137 n.
174 96 232 150 9.]
562 92 612 131 de
633 89 812 129 Actibus
832 86 1066 128 Humanis.
1445 84 1504 134 69

172 213 258 262 183.
294 209 463 261 Regula
501 205 660 246 Tertia.
743 203 856 242 Item
888 200 1030 253 major
1059 199 1291 251 requiritur
1325 198 1434 237 ratio
1466 197 1508 236 si

109 294 250 333 agens,
293 277 556 318 abstinendo
598 271 836 325 quominus
887 281 1064 308 causam
1114 274 1262 319 ponat,
1304 265 1509 316 impedire

111 348 226 387 valet
244 360 294 386 ne
324 345 488 385 malum
518 341 699 388 eveniat,
722 351 855 391 quam
888 336 1133 389 requiratur
1164 335 1198 374 si
1232 335 1393 373 mlum.
1426 333 1507 372 ali-

113 415 223 455 unde
256 418 497 453 secutam-mn
534 415 616 457 est,
657 407 738 446 etsi
775 418 909 445 causa
945 403 1018 443 illa
1056 415 1143 442 non
1178 408 1377 454 ponatur.
1442 400 1507 440 Sit

112 481 367 534 exemplum
398 477 582 530 alicujus
616 474 803 515 locantis
846 473 978 513 aedes
1010 478 1085 510 aut
1119 482 1247 522 agros
1279 468 1511 507 haereticis

112 550 186 602 qui
209 549 251 588 in
283 548 333 587 iis
366 546 598 586 instituent
630 556 732 582 suae
765 546 912 581 sectae
943 538 1139 579 scholam
1174 543 1250 576 aut
1282 535 1510 587 templum,

114 617 176 671 (a)
197 629 334 669 quum
365 614 436 654 alii
469 614 630 653 adsunt
664 611 705 650 id
739 609 894 649 facturi
926 608 961 647 si
994 607 1066 646 ille
1097 606 1315 656 deneget3
1347 610 1422 642 aut
1447 602 1509 649 (b)

114 697 249 738 quum
268 689 440 735 praeter
461 681 606 733 ipsum
626 678 738 718 alius
762 676 908 716 nullus
930 675 975 714 id
994 674 1187 713 facturus
1210 672 1351 712 adest„
1397 668 1512 709 Item

117 766 182 792 res
215 751 460 790 illustratur
491 746 703 799 exemplo
736 743 948 797 cauponis
980 740 1229 793 hospitibus
1261 740 1332 779 die
1358 738 1514 790 jejunii

118 832 268 860 carnes
299 815 562 870 praebentis,
588 816 651 865 (a)
685 827 822 866 quum
857 811 929 850 alii
962 811 1004 849 in
1037 809 1194 849 eodem
1226 807 1392 860 oppido
1415 819 1514 845 cau-

121 900 256 940 pones
278 885 453 932 adsunt,
477 884 533 933 id,
555 882 591 922 si
624 881 696 921 ille
729 882 934 931 deneget,
957 877 1141 926 facturi;
1173 883 1248 915 aut
1282 873 1345 928 (b)
1379 887 1514 926 quum

120 955 230 995 alius
252 951 501 994 istiusmodi
524 949 668 990 nullus
692 948 922 988 invenitur.

184 1025 275 1073 184.
311 1021 553 1073 Utriusque
586 1017 766 1070 regulae
803 1017 896 1067 (nn.
937 1016 1030 1062 182,
1075 1014 1169 1062 183)
1209 1010 1320 1050 ratio
1362 1010 1516 1048 eadem

122 1098 200 1141 est,
224 1104 363 1144 eaque
386 1104 442 1129 ex
466 1090 518 1128 iis
542 1089 779 1139 desumpta
801 1097 914 1136 quae
936 1095 1069 1134 supra
1091 1081 1150 1132 (n.
1179 1086 1290 1129 129.)
1314 1077 1520 1129 exposita

124 1165 238 1200 sunt.
299 1158 457 1210 Neque
491 1156 621 1204 enim,
656 1161 703 1194 ut
740 1152 905 1193 ibidem
942 1150 1144 1196 vidimus,
1183 1159 1360 1186 causam
1392 1144 1521 1183 ullius

127 1227 230 1267 mali
259 1239 421 1279 ponere
457 1225 569 1272 licet,
601 1223 681 1262 nisi
721 1219 836 1260 adsit
871 1218 980 1258 ratio
1008 1214 1326 1269 proportionale
1354 1212 1522 1264 gravis,

128 1309 215 1342 seu,
253 1293 349 1333 aliis
385 1291 542 1339 verbis,
580 1291 692 1329 ratio
727 1302 770 1328 eo
806 1287 955 1339 major,
992 1298 1071 1338 quo
1104 1283 1247 1334 majus
1277 1286 1340 1320 est
1371 1281 1523 1319 incom-

130 1361 300 1402 modum
321 1374 373 1400 ex
399 1358 568 1400 licentia
600 1370 661 1398 Slc
692 1368 900 1396 concessa
920 1357 1243 1406 proventurum.
1305 1348 1524 1400 jamvero,

131 1438 178 1470 ut
209 1435 344 1483 patet,
367 1427 509 1479 majus
541 1431 607 1465 est
639 1423 970 1465 incommodum
999 1419 1105 1459 illud
1138 1418 1310 1470 quoties
1344 1416 1403 1466 (a)
1428 1428 1523 1467 gra-

130 1499 225 1537 vius
247 1496 527 1549 praevidetur
558 1493 723 1533 malum
757 1504 814 1531 ex
849 1489 1022 1529 actione
1054 1494 1334 1534 secuturum3
1365 1492 1439 1522 aut
1463 1482 1525 1535 (b)

132 1566 277 1618 agitur
299 1564 354 1604 de
376 1563 426 1603 iis
449 1574 592 1602 rerum
617 1558 848 1612 adjunctis,
870 1558 912 1596 in
940 1555 1113 1609 quibus,
1135 1554 1216 1593 nisi
1239 1565 1370 1591 causa
1392 1563 1527 1602 pona-

132 1640 214 1682 tur,
235 1631 356 1673 nullo
380 1631 514 1671 modo
536 1629 708 1668 evenire
731 1633 877 1680 potest
899 1624 1064 1665 malum
1088 1621 1207 1675 quod
1230 1634 1288 1659 ex
1311 1633 1361 1658 ea
1384 1618 1529 1671 posita

131 1706 384 1742 secuturum
425 1697 719 1751 praevidetur.
782 1693 870 1748 Qui
902 1693 991 1733 duo
1023 1696 1126 1731 sunt
1157 1701 1283 1730 casus
1316 1700 1426 1740 quos
1464 1699 1529 1725 re-

133 1769 322 1821 spiciunt
346 1766 523 1819 regulae
546 1770 590 1804 2a
611 1771 654 1804 et
679 1769 722 1815 3α
739 1762 832 1815 jam
856 1761 1058 1802 traditae.

199 1836 286 1886 185.
322 1835 395 1874 Ex
429 1834 568 1874 altera
603 1846 706 1872 vero
744 1838 880 1884 parte,
917 1826 1179 1868 statuendae
1216 1830 1317 1863 sunt
1354 1822 1529 1874 regussae

136 1916 249 1956 quae
271 1908 514 1955 sequuntur
534 1915 542 1949 3
572 1913 774 1952 namque,
798 1904 844 1937 ut
877 1911 935 1937 ex
969 1895 1096 1935 dictis
1130 1892 1336 1945 sequitur,
1358 1889 1470 1929 ratio
1491 1902 1535 1927 co

139 1970 281 2011 minor
300 1970 368 2010 hic
390 1969 559 2016 sufficit,
583 1982 661 2021 qno
682 1967 825 2019 majus
846 1971 914 2005 est
940 1962 1248 2003 incommodam
1281 1964 1532 1998 secuturum

139 2053 189 2079 ex
225 2037 478 2090 ablegatione
517 2036 751 2089 imposita:
800 2034 999 2086 jamvero
1041 2028 1371 2070 incommodum
1414 2024 1533 2064 haud

140 2120 246 2146 sane
277 2106 487 2158 exiguum
522 2111 587 2144 est
620 2102 831 2143 coarctari
865 2099 1077 2140 moralem
1110 2096 1338 2137 hominum
1362 2093 1535 2132 liberta-

141 2181 231 2214 tem
266 2174 308 2213 in
344 2174 395 2212 iis
429 2186 572 2212 rerum
606 2170 826 2223 adjunctis
862 2182 974 2221 quae
1006 2166 1167 2218 regulis
1189 2167 1244 2214 4²²,
1271 2166 1323 2214 5³,
1346 2164 1392 2202 6³
1413 2167 1457 2199 et
1479 2162 1536 2209 7²²,

142 2242 430 2294 attinguntur,
452 2246 538 2289 aut,
561 2239 680 2293 quod
702 2238 757 2278 ad
782 2236 978 2290 regulam
1004 2237 1076 2275 Sam
1099 2234 1271 2280 attinet,
1289 2230 1467 2281 exigere
1490 2232 1539 2265 ut

143 2324 194 2350 ea
228 2309 490 2349 omittantur
530 2321 654 2360 quae,
697 2319 834 2359 quum
877 2304 973 2356 lege
1014 2300 1348 2355 praecipiantur,
1390 2294 1538 2335 omitti

145 2381 366 2429 nequeant
388 2376 492 2427 quin
516 2376 616 2415 ideo
647 2374 790 2413 minus
821 2372 933 2412 bene
969 2368 1260 2423 prospiciatur
1282 2362 1543 2415 disciplinae

136 2451 277 2497 ,atque
299 2443 469 2495 legibus
490 2441 729 2482 servandis.
793 2440 860 2481 Sit
882 2439 1015 2491 igitur

208 2512 295 2552 186.
328 2509 499 2563 Regula
545 2508 729 2559 Quarta.
817 2507 884 2547 Eo
926 2505 1070 2544 minor
1109 2500 1269 2543 sufficit
1313 2497 1423 2537 ratio
1466 2508 1544 2547 quo
