<?xml version="1.0" encoding="UTF-8"?>
<!DOCTYPE html PUBLIC "-//W3C//DTD XHTML 1.0 Transitional//EN"
    "http://www.w3.org/TR/xhtml1/DTD/xhtml1-transitional.dtd">
<html xmlns="http://www.w3.org/1999/xhtml" xml:lang="en" lang="en">
 <head>
  <title>
</title>
<meta http-equiv="Content-Type" content="text/html;charset=utf-8" />
  <meta name='ocr-system' content='tesseract 3.04.00' />
  <meta name='ocr-capabilities' content='ocr_page ocr_carea ocr_par ocr_line ocrx_word'/>
</head>
<body>
  <div class='ocr_page' id='page_1' title='image "./tractatusdeactib00wals_0078.png"; bbox 0 0 1716 2729; ppageno 0'>
   <div class='ocr_carea' id='block_1_1' title="bbox 171 64 1567 118">
    <p class='ocr_par' dir='ltr' id='par_1_1' title="bbox 171 64 1567 118">
     <span class='ocr_line' id='line_1_1' title="bbox 171 64 1567 118; baseline -0.004 -7"><span class='ocrx_word' id='word_1_1' title='bbox 171 71 223 111; x_wconf 86' lang='lat'>62</span> <span class='ocrx_word' id='word_1_2' title='bbox 755 66 796 106; x_wconf 81' lang='lat' dir='ltr'><em>T</em></span> <span class='ocrx_word' id='word_1_3' title='bbox 793 71 985 106; x_wconf 77' lang='lat' dir='ltr'>metatus</span> <span class='ocrx_word' id='word_1_4' title='bbox 1392 64 1567 118; x_wconf 84' lang='lat' dir='ltr'>[GURY‚</span> 
     </span>
    </p>
   </div>
   <div class='ocr_carea' id='block_1_2' title="bbox 172 179 1647 2218">
    <p class='ocr_par' dir='ltr' id='par_1_2' title="bbox 172 179 1570 363">
     <span class='ocr_line' id='line_1_2' title="bbox 172 179 1570 235; baseline -0.004 -9"><span class='ocrx_word' id='word_1_5' title='bbox 172 187 351 234; x_wconf 88' lang='lat' dir='ltr'>tionem,</span> <span class='ocrx_word' id='word_1_6' title='bbox 373 184 454 225; x_wconf 90' lang='lat' dir='ltr'>etsi</span> <span class='ocrx_word' id='word_1_7' title='bbox 476 184 532 223; x_wconf 91' lang='lat' dir='ltr'>ab</span> <span class='ocrx_word' id='word_1_8' title='bbox 555 197 607 223; x_wconf 90' lang='lat' dir='ltr'>eo</span> <span class='ocrx_word' id='word_1_9' title='bbox 630 182 840 235; x_wconf 85' lang='lat' dir='ltr'>praevisa,</span> <span class='ocrx_word' id='word_1_10' title='bbox 859 179 1082 234; x_wconf 91' lang='lat' dir='ltr'>profluant</span> <span class='ocrx_word' id='word_1_11' title='bbox 1105 193 1162 219; x_wconf 84' lang='lat' dir='ltr'>ex</span> <span class='ocrx_word' id='word_1_12' title='bbox 1180 179 1427 229; x_wconf 72' lang='lat' dir='ltr'>actionibus</span> <span class='ocrx_word' id='word_1_13' title='bbox 1442 192 1570 232; x_wconf 88' lang='lat' dir='ltr'>quae,</span> 
     </span>
     <span class='ocr_line' id='line_1_3' title="bbox 173 250 1569 308; baseline -0.004 -13"><span class='ocrx_word' id='word_1_14' title='bbox 173 257 216 295; x_wconf 91' lang='lat' dir='ltr'>in</span> <span class='ocrx_word' id='word_1_15' title='bbox 238 269 284 295; x_wconf 87' lang='lat' dir='ltr'>se</span> <span class='ocrx_word' id='word_1_16' title='bbox 305 255 483 308; x_wconf 87' lang='lat' dir='ltr'>quidem</span> <span class='ocrx_word' id='word_1_17' title='bbox 514 253 670 301; x_wconf 83' lang='lat' dir='ltr'>licitae,</span> <span class='ocrx_word' id='word_1_18' title='bbox 692 250 972 305; x_wconf 87' lang='lat' dir='ltr'>perficiantur</span> <span class='ocrx_word' id='word_1_19' title='bbox 1003 250 1144 291; x_wconf 90' lang='lat' dir='ltr'>solum</span> <span class='ocrx_word' id='word_1_20' title='bbox 1178 251 1234 291; x_wconf 92' lang='lat' dir='ltr'>ob</span> <span class='ocrx_word' id='word_1_21' title='bbox 1257 250 1365 291; x_wconf 88' lang='lat' dir='ltr'>alios</span> <span class='ocrx_word' id='word_1_22' title='bbox 1388 250 1569 290; x_wconf 85' lang='lat' dir='ltr'>effectus</span> 
     </span>
     <span class='ocr_line' id='line_1_4' title="bbox 174 321 830 363; baseline -0.006 0"><span class='ocrx_word' id='word_1_23' title='bbox 174 324 314 363; x_wconf 90' lang='lat' dir='ltr'>bonos</span> <span class='ocrx_word' id='word_1_24' title='bbox 336 337 393 363; x_wconf 83' lang='lat' dir='ltr'>ex</span> <span class='ocrx_word' id='word_1_25' title='bbox 416 321 570 361; x_wconf 90' lang='lat' dir='ltr'>iisdem</span> <span class='ocrx_word' id='word_1_26' title='bbox 594 325 830 360; x_wconf 88' lang='lat' dir='ltr'>secuturos.</span> 
     </span>
    </p>

    <p class='ocr_par' dir='ltr' id='par_1_3' title="bbox 175 386 1575 790">
     <span class='ocr_line' id='line_1_5' title="bbox 239 386 1573 443; baseline -0.006 -10"><span class='ocrx_word' id='word_1_27' title='bbox 239 393 333 443; x_wconf 87' lang='lat'><strong>164.</strong></span> <span class='ocrx_word' id='word_1_28' title='bbox 366 391 455 432; x_wconf 90' lang='lat' dir='ltr'>Res</span> <span class='ocrx_word' id='word_1_29' title='bbox 492 395 615 443; x_wconf 90' lang='lat' dir='ltr'>patet</span> <span class='ocrx_word' id='word_1_30' title='bbox 652 402 709 427; x_wconf 86' lang='lat' dir='ltr'>ex</span> <span class='ocrx_word' id='word_1_31' title='bbox 744 386 954 440; x_wconf 83' lang='lat' dir='ltr'>exemplo</span> <span class='ocrx_word' id='word_1_32' title='bbox 990 400 1121 439; x_wconf 92' lang='lat' dir='ltr'>supra</span> <span class='ocrx_word' id='word_1_33' title='bbox 1158 386 1214 439; x_wconf 92' lang='lat' dir='ltr'>(n.</span> <span class='ocrx_word' id='word_1_34' title='bbox 1244 387 1355 438; x_wconf 81' lang='lat'>138.)</span> <span class='ocrx_word' id='word_1_35' title='bbox 1381 386 1573 437; x_wconf 88' lang='lat' dir='ltr'>tradito;</span> 
     </span>
     <span class='ocr_line' id='line_1_6' title="bbox 175 454 1572 510; baseline -0.006 -9"><span class='ocrx_word' id='word_1_36' title='bbox 175 461 339 502; x_wconf 79' lang='lat' dir='ltr'>etenim</span> <span class='ocrx_word' id='word_1_37' title='bbox 362 459 474 499; x_wconf 90' lang='lat' dir='ltr'>ratio</span> <span class='ocrx_word' id='word_1_38' title='bbox 505 456 814 510; x_wconf 83' lang='lat' dir='ltr'>prohibitionis</span> <span class='ocrx_word' id='word_1_39' title='bbox 847 455 1012 494; x_wconf 84' lang='lat' dir='ltr'>ibidem</span> <span class='ocrx_word' id='word_1_40' title='bbox 1045 455 1250 507; x_wconf 84' lang='lat' dir='ltr'>exposita</span> <span class='ocrx_word' id='word_1_41' title='bbox 1282 468 1370 494; x_wconf 92' lang='lat' dir='ltr'>non</span> <span class='ocrx_word' id='word_1_42' title='bbox 1394 454 1572 507; x_wconf 86' lang='lat' dir='ltr'>respicit</span> 
     </span>
     <span class='ocr_line' id='line_1_7' title="bbox 177 524 1574 583; baseline -0.004 -13"><span class='ocrx_word' id='word_1_43' title='bbox 177 544 261 583; x_wconf 69' lang='lat' dir='ltr'>vg.</span> <span class='ocrx_word' id='word_1_44' title='bbox 301 529 535 575; x_wconf 80' lang='lat' dir='ltr'>medicum,</span> <span class='ocrx_word' id='word_1_45' title='bbox 570 525 645 578; x_wconf 88' lang='lat' dir='ltr'>qui</span> <span class='ocrx_word' id='word_1_46' title='bbox 667 525 723 565; x_wconf 93' lang='lat' dir='ltr'>ad</span> <span class='ocrx_word' id='word_1_47' title='bbox 753 524 956 564; x_wconf 88' lang='lat' dir='ltr'>morbum</span> <span class='ocrx_word' id='word_1_48' title='bbox 988 537 1167 577; x_wconf 81' lang='lat' dir='ltr'>gravem</span> <span class='ocrx_word' id='word_1_49' title='bbox 1199 525 1446 565; x_wconf 85' lang='lat' dir='ltr'>sanandum</span> <span class='ocrx_word' id='word_1_50' title='bbox 1480 539 1574 565; x_wconf 92' lang='lat' dir='ltr'>mu-</span> 
     </span>
     <span class='ocr_line' id='line_1_8' title="bbox 179 594 1575 648; baseline -0.004 -7"><span class='ocrx_word' id='word_1_51' title='bbox 179 601 271 641; x_wconf 91' lang='lat' dir='ltr'>lieri</span> <span class='ocrx_word' id='word_1_52' title='bbox 308 598 612 639; x_wconf 86' lang='lat' dir='ltr'>subministrat</span> <span class='ocrx_word' id='word_1_53' title='bbox 652 594 918 635; x_wconf 81' lang='lat' dir='ltr'>medicinam</span> <span class='ocrx_word' id='word_1_54' title='bbox 959 608 1017 634; x_wconf 81' lang='lat' dir='ltr'>ex</span> <span class='ocrx_word' id='word_1_55' title='bbox 1059 609 1146 648; x_wconf 86' lang='lat' dir='ltr'>qua</span> <span class='ocrx_word' id='word_1_56' title='bbox 1178 595 1306 635; x_wconf 88' lang='lat' dir='ltr'>simul</span> <span class='ocrx_word' id='word_1_57' title='bbox 1348 595 1575 648; x_wconf 84' lang='lat' dir='ltr'>praevidet</span> 
     </span>
     <span class='ocr_line' id='line_1_9' title="bbox 180 662 1575 716; baseline -0.005 -6"><span class='ocrx_word' id='word_1_58' title='bbox 180 670 271 710; x_wconf 87' lang='lat' dir='ltr'>fore</span> <span class='ocrx_word' id='word_1_59' title='bbox 312 674 361 708; x_wconf 91' lang='lat' dir='ltr'>ut</span> <span class='ocrx_word' id='word_1_60' title='bbox 408 668 599 711; x_wconf 81' lang='lat' dir='ltr'>abortus,</span> <span class='ocrx_word' id='word_1_61' title='bbox 647 662 830 703; x_wconf 88' lang='lat' dir='ltr'>omnino</span> <span class='ocrx_word' id='word_1_62' title='bbox 871 669 1044 715; x_wconf 88' lang='lat' dir='ltr'>praeter</span> <span class='ocrx_word' id='word_1_63' title='bbox 1087 663 1222 716; x_wconf 86' lang='lat' dir='ltr'>ipsius</span> <span class='ocrx_word' id='word_1_64' title='bbox 1268 663 1575 712; x_wconf 88' lang='lat' dir='ltr'>intentionem,</span> 
     </span>
     <span class='ocr_line' id='line_1_10' title="bbox 181 729 1214 790; baseline -0.007 -12"><span class='ocrx_word' id='word_1_65' title='bbox 181 742 401 790; x_wconf 84' lang='lat' dir='ltr'>sequatur.</span> <span class='ocrx_word' id='word_1_66' title='bbox 467 734 663 784; x_wconf 84' lang='lat' dir='ltr'>Ideoque</span> <span class='ocrx_word' id='word_1_67' title='bbox 680 732 842 771; x_wconf 88' lang='lat' dir='ltr'>docent</span> <span class='ocrx_word' id='word_1_68' title='bbox 864 731 960 770; x_wconf 88' lang='lat' dir='ltr'>TT.</span> <span class='ocrx_word' id='word_1_69' title='bbox 983 732 1026 771; x_wconf 91' lang='lat' dir='ltr'>id</span> <span class='ocrx_word' id='word_1_70' title='bbox 1050 729 1214 772; x_wconf 90' lang='lat' dir='ltr'>licere.1</span> 
     </span>
    </p>

    <p class='ocr_par' dir='ltr' id='par_1_4' title="bbox 183 799 1647 2085">
     <span class='ocr_line' id='line_1_11' title="bbox 245 799 1575 855; baseline -0.005 -11"><span class='ocrx_word' id='word_1_71' title='bbox 245 806 335 855; x_wconf 83' lang='lat'><strong>165.</strong></span> <span class='ocrx_word' id='word_1_72' title='bbox 369 802 564 844; x_wconf 88' lang='lat' dir='ltr'>Omnino</span> <span class='ocrx_word' id='word_1_73' title='bbox 587 807 735 840; x_wconf 86' lang='lat' dir='ltr'>tamen</span> <span class='ocrx_word' id='word_1_74' title='bbox 768 799 838 838; x_wconf 91' lang='lat' dir='ltr'>hic</span> <span class='ocrx_word' id='word_1_75' title='bbox 868 800 1082 839; x_wconf 90' lang='lat' dir='ltr'>servanda</span> <span class='ocrx_word' id='word_1_76' title='bbox 1105 805 1171 839; x_wconf 89' lang='lat' dir='ltr'>est</span> <span class='ocrx_word' id='word_1_77' title='bbox 1194 799 1419 839; x_wconf 90' lang='lat' dir='ltr'>distinctio</span> <span class='ocrx_word' id='word_1_78' title='bbox 1440 811 1575 851; x_wconf 88' lang='lat' dir='ltr'>quam</span> 
     </span>
     <span class='ocr_line' id='line_1_12' title="bbox 183 869 1579 924; baseline -0.006 -8"><span class='ocrx_word' id='word_1_79' title='bbox 183 875 319 916; x_wconf 81' lang='lat' dir='ltr'>tradit</span> <span class='ocrx_word' id='word_1_80' title='bbox 334 874 404 914; x_wconf 92' lang='lat' dir='ltr'>De</span> <span class='ocrx_word' id='word_1_81' title='bbox 421 869 579 924; x_wconf 81' lang='lat' dir='ltr'>Lug0.2</span> <span class='ocrx_word' id='word_1_82' title='bbox 622 874 645 894; x_wconf 72' lang='lat'>‘⁴</span> <span class='ocrx_word' id='word_1_83' title='bbox 657 869 850 923; x_wconf 75' lang='lat' dir='ltr'>Quando</span> <span class='ocrx_word' id='word_1_84' title='bbox 865 869 1152 922; x_wconf 87' lang='lat' dir='ltr'>pharmacum</span> <span class='ocrx_word' id='word_1_85' title='bbox 1163 869 1579 910; x_wconf 89' lang='lat' dir='ltr'>sumereturdirecte</span> 
     </span>
     <span class='ocr_line' id='line_1_13' title="bbox 185 933 1578 990; baseline -0.005 -7"><span class='ocrx_word' id='word_1_86' title='bbox 185 944 240 983; x_wconf 88' lang='lat' dir='ltr'>ad</span> <span class='ocrx_word' id='word_1_87' title='bbox 264 942 500 982; x_wconf 83' lang='lat' dir='ltr'>sanitatem</span> <span class='ocrx_word' id='word_1_88' title='bbox 534 944 577 978; x_wconf 88' lang='lat' dir='ltr'>et</span> <span class='ocrx_word' id='word_1_89' title='bbox 603 933 745 978; x_wconf 51' lang='lat' dir='ltr'>¹vitam</span> <span class='ocrx_word' id='word_1_90' title='bbox 778 937 931 977; x_wconf 89' lang='lat' dir='ltr'>matris</span> <span class='ocrx_word' id='word_1_91' title='bbox 962 938 1187 987; x_wconf 89' lang='lat' dir='ltr'>tuendam,</span> <span class='ocrx_word' id='word_1_92' title='bbox 1219 937 1578 990; x_wconf 81' lang='lat' dir='ltr'>distinguendum</span> 
     </span>
     <span class='ocr_line' id='line_1_14' title="bbox 187 1004 1582 1052; baseline -0.006 -1"><span class='ocrx_word' id='word_1_93' title='bbox 187 1017 253 1051; x_wconf 89' lang='lat' dir='ltr'>est</span> <span class='ocrx_word' id='word_1_94' title='bbox 313 1041 322 1049; x_wconf 91' lang='lat'>.</span> <span class='ocrx_word' id='word_1_95' title='bbox 384 1042 392 1050; x_wconf 91' lang='lat'><strong><em>.</em></strong></span> <span class='ocrx_word' id='word_1_96' title='bbox 454 1041 461 1048; x_wconf 90' lang='lat'><strong>.</strong></span> <span class='ocrx_word' id='word_1_97' title='bbox 523 1019 626 1047; x_wconf 90' lang='lat' dir='ltr'>nam</span> <span class='ocrx_word' id='word_1_98' title='bbox 650 1006 684 1044; x_wconf 88' lang='lat' dir='ltr'>si</span> <span class='ocrx_word' id='word_1_99' title='bbox 707 1018 794 1044; x_wconf 93' lang='lat' dir='ltr'>non</span> <span class='ocrx_word' id='word_1_100' title='bbox 813 1005 939 1045; x_wconf 89' lang='lat' dir='ltr'>aliter</span> <span class='ocrx_word' id='word_1_101' title='bbox 955 1005 1176 1045; x_wconf 88' lang='lat' dir='ltr'>conducat</span> <span class='ocrx_word' id='word_1_102' title='bbox 1195 1006 1249 1046; x_wconf 89' lang='lat' dir='ltr'>ad</span> <span class='ocrx_word' id='word_1_103' title='bbox 1264 1005 1400 1045; x_wconf 89' lang='lat' dir='ltr'>vitam</span> <span class='ocrx_word' id='word_1_104' title='bbox 1419 1004 1582 1052; x_wconf 90' lang='lat' dir='ltr'>matris,</span> 
     </span>
     <span class='ocr_line' id='line_1_15' title="bbox 188 1073 1582 1131; baseline -0.005 -12"><span class='ocrx_word' id='word_1_105' title='bbox 188 1079 269 1119; x_wconf 89' lang='lat' dir='ltr'>nisi</span> <span class='ocrx_word' id='word_1_106' title='bbox 292 1083 510 1131; x_wconf 91' lang='lat' dir='ltr'>quatenus</span> <span class='ocrx_word' id='word_1_107' title='bbox 526 1083 679 1114; x_wconf 88' lang='lat' dir='ltr'>causat</span> <span class='ocrx_word' id='word_1_108' title='bbox 693 1073 911 1122; x_wconf 88' lang='lat' dir='ltr'>abortum,</span> <span class='ocrx_word' id='word_1_109' title='bbox 924 1073 1019 1125; x_wconf 89' lang='lat' dir='ltr'>jam</span> <span class='ocrx_word' id='word_1_110' title='bbox 1037 1079 1142 1113; x_wconf 91' lang='lat' dir='ltr'>tunc</span> <span class='ocrx_word' id='word_1_111' title='bbox 1159 1073 1324 1113; x_wconf 88' lang='lat' dir='ltr'>directe</span> <span class='ocrx_word' id='word_1_112' title='bbox 1341 1073 1582 1113; x_wconf 90' lang='lat' dir='ltr'>intenditur</span> 
     </span>
     <span class='ocr_line' id='line_1_16' title="bbox 190 1140 1583 1194; baseline -0.006 -7"><span class='ocrx_word' id='word_1_113' title='bbox 190 1147 382 1194; x_wconf 89' lang='lat' dir='ltr'>abortus,</span> <span class='ocrx_word' id='word_1_114' title='bbox 399 1144 501 1185; x_wconf 91' lang='lat' dir='ltr'>licet</span> <span class='ocrx_word' id='word_1_115' title='bbox 519 1156 605 1182; x_wconf 92' lang='lat' dir='ltr'>non</span> <span class='ocrx_word' id='word_1_116' title='bbox 624 1141 879 1181; x_wconf 84' lang='lat' dir='ltr'>intendatur</span> <span class='ocrx_word' id='word_1_117' title='bbox 894 1147 1074 1194; x_wconf 87' lang='lat' dir='ltr'>propter</span> <span class='ocrx_word' id='word_1_118' title='bbox 1090 1154 1147 1189; x_wconf 90' lang='lat' dir='ltr'>se,</span> <span class='ocrx_word' id='word_1_119' title='bbox 1163 1141 1239 1181; x_wconf 88' lang='lat' dir='ltr'>sed</span> <span class='ocrx_word' id='word_1_120' title='bbox 1257 1147 1435 1193; x_wconf 88' lang='lat' dir='ltr'>propter</span> <span class='ocrx_word' id='word_1_121' title='bbox 1448 1140 1583 1180; x_wconf 88' lang='lat' dir='ltr'>alium</span> 
     </span>
     <span class='ocr_line' id='line_1_17' title="bbox 191 1208 1586 1262; baseline -0.006 -7"><span class='ocrx_word' id='word_1_122' title='bbox 191 1215 324 1255; x_wconf 89' lang='lat' dir='ltr'>finem</span> <span class='ocrx_word' id='word_1_123' title='bbox 386 1246 395 1254; x_wconf 90' lang='lat'><strong>.</strong></span> <span class='ocrx_word' id='word_1_124' title='bbox 457 1246 464 1252; x_wconf 94' lang='lat'><em>.</em></span> <span class='ocrx_word' id='word_1_125' title='bbox 528 1244 536 1252; x_wconf 91' lang='lat'><strong>.</strong></span> <span class='ocrx_word' id='word_1_126' title='bbox 597 1223 686 1262; x_wconf 91' lang='lat' dir='ltr'>quo</span> <span class='ocrx_word' id='word_1_127' title='bbox 716 1222 818 1249; x_wconf 90' lang='lat' dir='ltr'>casu</span> <span class='ocrx_word' id='word_1_128' title='bbox 851 1209 968 1249; x_wconf 90' lang='lat' dir='ltr'>actio</span> <span class='ocrx_word' id='word_1_129' title='bbox 1001 1222 1088 1249; x_wconf 89' lang='lat' dir='ltr'>non</span> <span class='ocrx_word' id='word_1_130' title='bbox 1121 1216 1187 1249; x_wconf 87' lang='lat' dir='ltr'>est</span> <span class='ocrx_word' id='word_1_131' title='bbox 1219 1209 1350 1249; x_wconf 90' lang='lat' dir='ltr'>licita.</span> <span class='ocrx_word' id='word_1_132' title='bbox 1413 1208 1460 1250; x_wconf 82' lang='lat' dir='ltr'>Si</span> <span class='ocrx_word' id='word_1_133' title='bbox 1482 1220 1586 1248; x_wconf 90' lang='lat' dir='ltr'>vero</span> 
     </span>
     <span class='ocr_line' id='line_1_18' title="bbox 192 1277 1647 1337; baseline -0.006 -14"><span class='ocrx_word' id='word_1_134' title='bbox 192 1283 480 1337; x_wconf 85' lang='lat' dir='ltr'>pharmacum</span> <span class='ocrx_word' id='word_1_135' title='bbox 504 1279 611 1319; x_wconf 82' lang='lat' dir='ltr'>illud</span> <span class='ocrx_word' id='word_1_136' title='bbox 635 1277 740 1318; x_wconf 88' lang='lat' dir='ltr'>utile</span> <span class='ocrx_word' id='word_1_137' title='bbox 762 1277 819 1317; x_wconf 92' lang='lat' dir='ltr'>sit</span> <span class='ocrx_word' id='word_1_138' title='bbox 841 1277 896 1317; x_wconf 90' lang='lat' dir='ltr'>ad</span> <span class='ocrx_word' id='word_1_139' title='bbox 919 1277 1057 1317; x_wconf 88' lang='lat' dir='ltr'>vitam</span> <span class='ocrx_word' id='word_1_140' title='bbox 1082 1277 1244 1324; x_wconf 76' lang='lat' dir='ltr'>matris,</span> <span class='ocrx_word' id='word_1_141' title='bbox 1267 1281 1588 1329; x_wconf 87' lang='lat' dir='ltr'>consequenter</span> <span class='ocrx_word' id='word_1_142' title='bbox 1645 1309 1647 1311; x_wconf 97' lang='lat'>.</span> 
     </span>
     <span class='ocr_line' id='line_1_19' title="bbox 196 1345 1589 1402; baseline -0.006 -10"><span class='ocrx_word' id='word_1_143' title='bbox 196 1359 357 1400; x_wconf 88' lang='lat' dir='ltr'>tamen,</span> <span class='ocrx_word' id='word_1_144' title='bbox 398 1356 441 1390; x_wconf 91' lang='lat' dir='ltr'>et</span> <span class='ocrx_word' id='word_1_145' title='bbox 482 1353 656 1402; x_wconf 90' lang='lat' dir='ltr'>praeter</span> <span class='ocrx_word' id='word_1_146' title='bbox 694 1345 1001 1393; x_wconf 79' lang='lat' dir='ltr'>intentionem,</span> <span class='ocrx_word' id='word_1_147' title='bbox 1039 1352 1191 1385; x_wconf 91' lang='lat' dir='ltr'>causat</span> <span class='ocrx_word' id='word_1_148' title='bbox 1223 1346 1442 1394; x_wconf 89' lang='lat' dir='ltr'>abortum,</span> <span class='ocrx_word' id='word_1_149' title='bbox 1483 1351 1589 1385; x_wconf 91' lang='lat' dir='ltr'>tunc</span> 
     </span>
     <span class='ocr_line' id='line_1_20' title="bbox 197 1411 1590 1474; baseline -0.006 -14"><span class='ocrx_word' id='word_1_150' title='bbox 197 1418 337 1474; x_wconf 89' lang='lat' dir='ltr'>[quod</span> <span class='ocrx_word' id='word_1_151' title='bbox 370 1419 426 1458; x_wconf 93' lang='lat' dir='ltr'>ad</span> <span class='ocrx_word' id='word_1_152' title='bbox 459 1417 574 1457; x_wconf 87' lang='lat' dir='ltr'>hanc</span> <span class='ocrx_word' id='word_1_153' title='bbox 607 1414 907 1455; x_wconf 88' lang='lat' dir='ltr'>conditionem</span> <span class='ocrx_word' id='word_1_154' title='bbox 945 1411 1123 1468; x_wconf 85' lang='lat' dir='ltr'>attinet]</span> <span class='ocrx_word' id='word_1_155' title='bbox 1162 1413 1328 1453; x_wconf 87' lang='lat' dir='ltr'>licitum</span> <span class='ocrx_word' id='word_1_156' title='bbox 1366 1413 1448 1453; x_wconf 88' lang='lat' dir='ltr'>erit</span> <span class='ocrx_word' id='word_1_157' title='bbox 1483 1412 1590 1452; x_wconf 92' lang='lat' dir='ltr'>illud</span> 
     </span>
     <span class='ocr_line' id='line_1_21' title="bbox 196 1481 1592 1533; baseline -0.006 -4"><span class='ocrx_word' id='word_1_158' title='bbox 196 1484 598 1529; x_wconf 88' lang='lat' dir='ltr'>remedium.”—Et</span> <span class='ocrx_word' id='word_1_159' title='bbox 635 1482 765 1522; x_wconf 85' lang='lat' dir='ltr'>simili</span> <span class='ocrx_word' id='word_1_160' title='bbox 807 1482 943 1522; x_wconf 89' lang='lat' dir='ltr'>modo</span> <span class='ocrx_word' id='word_1_161' title='bbox 984 1481 1162 1521; x_wconf 87' lang='lat' dir='ltr'>resolvit</span> <span class='ocrx_word' id='word_1_162' title='bbox 1198 1481 1502 1533; x_wconf 86' lang='lat' dir='ltr'>quaestionem</span> <span class='ocrx_word' id='word_1_163' title='bbox 1536 1481 1592 1521; x_wconf 92' lang='lat' dir='ltr'>de</span> 
     </span>
     <span class='ocr_line' id='line_1_22' title="bbox 198 1549 1591 1601; baseline -0.006 -6"><span class='ocrx_word' id='word_1_164' title='bbox 198 1551 548 1596; x_wconf 90' lang='lat' dir='ltr'>administranda</span> <span class='ocrx_word' id='word_1_165' title='bbox 570 1550 791 1590; x_wconf 88' lang='lat' dir='ltr'>medicina</span> <span class='ocrx_word' id='word_1_166' title='bbox 817 1562 929 1601; x_wconf 92' lang='lat' dir='ltr'>quae</span> <span class='ocrx_word' id='word_1_167' title='bbox 951 1562 1009 1588; x_wconf 82' lang='lat' dir='ltr'>ex</span> <span class='ocrx_word' id='word_1_168' title='bbox 1032 1562 1079 1588; x_wconf 94' lang='lat' dir='ltr'>se</span> <span class='ocrx_word' id='word_1_169' title='bbox 1100 1549 1243 1588; x_wconf 91' lang='lat' dir='ltr'>tendit</span> <span class='ocrx_word' id='word_1_170' title='bbox 1264 1549 1320 1588; x_wconf 88' lang='lat' dir='ltr'>ad</span> <span class='ocrx_word' id='word_1_171' title='bbox 1342 1549 1591 1597; x_wconf 75' lang='lat' dir='ltr'>sanitatem,</span> 
     </span>
     <span class='ocr_line' id='line_1_23' title="bbox 198 1616 1595 1670; baseline -0.005 -8"><span class='ocrx_word' id='word_1_172' title='bbox 198 1623 300 1663; x_wconf 90' lang='lat' dir='ltr'>licet</span> <span class='ocrx_word' id='word_1_173' title='bbox 328 1620 470 1660; x_wconf 90' lang='lat' dir='ltr'>obiter</span> <span class='ocrx_word' id='word_1_174' title='bbox 504 1618 637 1658; x_wconf 88' lang='lat' dir='ltr'>etiam</span> <span class='ocrx_word' id='word_1_175' title='bbox 670 1616 868 1670; x_wconf 80' lang='lat' dir='ltr'>expellat</span> <span class='ocrx_word' id='word_1_176' title='bbox 898 1629 1074 1656; x_wconf 86' lang='lat' dir='ltr'>semen:</span> <span class='ocrx_word' id='word_1_177' title='bbox 1135 1616 1254 1668; x_wconf 86' lang='lat' dir='ltr'>quod</span> <span class='ocrx_word' id='word_1_178' title='bbox 1286 1616 1416 1669; x_wconf 89' lang='lat' dir='ltr'>plane</span> <span class='ocrx_word' id='word_1_179' title='bbox 1446 1622 1595 1668; x_wconf 86' lang='lat' dir='ltr'>potest</span> 
     </span>
     <span class='ocr_line' id='line_1_24' title="bbox 201 1687 1596 1738; baseline -0.004 -4"><span class='ocrx_word' id='word_1_180' title='bbox 201 1694 369 1734; x_wconf 90' lang='lat' dir='ltr'>licitum</span> <span class='ocrx_word' id='word_1_181' title='bbox 393 1703 500 1738; x_wconf 88' lang='lat' dir='ltr'>esse,</span> <span class='ocrx_word' id='word_1_182' title='bbox 521 1689 557 1728; x_wconf 89' lang='lat' dir='ltr'>si</span> <span class='ocrx_word' id='word_1_183' title='bbox 590 1688 772 1728; x_wconf 85' lang='lat' dir='ltr'>effectus</span> <span class='ocrx_word' id='word_1_184' title='bbox 805 1687 878 1727; x_wconf 90' lang='lat' dir='ltr'>ille</span> <span class='ocrx_word' id='word_1_185' title='bbox 911 1687 1033 1727; x_wconf 91' lang='lat' dir='ltr'>nullo</span> <span class='ocrx_word' id='word_1_186' title='bbox 1071 1687 1205 1727; x_wconf 88' lang='lat' dir='ltr'>modo</span> <span class='ocrx_word' id='word_1_187' title='bbox 1245 1687 1527 1738; x_wconf 83' lang='lat' dir='ltr'>intendatur;</span> <span class='ocrx_word' id='word_1_188' title='bbox 1559 1688 1596 1728; x_wconf 90' lang='lat' dir='ltr'>si</span> 
     </span>
     <span class='ocr_line' id='line_1_25' title="bbox 201 1756 1598 1802; baseline -0.003 0"><span class='ocrx_word' id='word_1_189' title='bbox 201 1774 305 1802; x_wconf 89' lang='lat' dir='ltr'>vero</span> <span class='ocrx_word' id='word_1_190' title='bbox 328 1758 547 1800; x_wconf 90' lang='lat' dir='ltr'>medicina</span> <span class='ocrx_word' id='word_1_191' title='bbox 568 1771 656 1797; x_wconf 92' lang='lat' dir='ltr'>non</span> <span class='ocrx_word' id='word_1_192' title='bbox 678 1756 805 1797; x_wconf 90' lang='lat' dir='ltr'>aliter</span> <span class='ocrx_word' id='word_1_193' title='bbox 825 1758 1091 1796; x_wconf 88' lang='lat' dir='ltr'>conduceret</span> <span class='ocrx_word' id='word_1_194' title='bbox 1116 1757 1172 1797; x_wconf 90' lang='lat' dir='ltr'>ad</span> <span class='ocrx_word' id='word_1_195' title='bbox 1205 1757 1409 1797; x_wconf 90' lang='lat' dir='ltr'>morbum</span> <span class='ocrx_word' id='word_1_196' title='bbox 1440 1771 1598 1798; x_wconf 89' lang='lat' dir='ltr'>sanan-</span> 
     </span>
     <span class='ocr_line' id='line_1_26' title="bbox 203 1824 1598 1879; baseline -0.001 -11"><span class='ocrx_word' id='word_1_197' title='bbox 203 1830 309 1869; x_wconf 89' lang='lat' dir='ltr'>dum</span> <span class='ocrx_word' id='word_1_198' title='bbox 334 1827 415 1867; x_wconf 88' lang='lat' dir='ltr'>nisi</span> <span class='ocrx_word' id='word_1_199' title='bbox 438 1831 657 1879; x_wconf 89' lang='lat' dir='ltr'>quatenus</span> <span class='ocrx_word' id='word_1_200' title='bbox 680 1825 886 1864; x_wconf 87' lang='lat' dir='ltr'>effectum</span> <span class='ocrx_word' id='word_1_201' title='bbox 909 1824 1031 1863; x_wconf 83' lang='lat' dir='ltr'>illum</span> <span class='ocrx_word' id='word_1_202' title='bbox 1065 1830 1238 1877; x_wconf 88' lang='lat' dir='ltr'>turpem</span> <span class='ocrx_word' id='word_1_203' title='bbox 1271 1824 1470 1874; x_wconf 86' lang='lat' dir='ltr'>efficeret,</span> <span class='ocrx_word' id='word_1_204' title='bbox 1493 1832 1598 1866; x_wconf 91' lang='lat' dir='ltr'>tunc</span> 
     </span>
     <span class='ocr_line' id='line_1_27' title="bbox 205 1892 1598 1946; baseline -0.001 -10"><span class='ocrx_word' id='word_1_205' title='bbox 205 1895 407 1936; x_wconf 89' lang='lat' dir='ltr'>illicitum</span> <span class='ocrx_word' id='word_1_206' title='bbox 457 1900 573 1933; x_wconf 90' lang='lat' dir='ltr'>esset</span> <span class='ocrx_word' id='word_1_207' title='bbox 624 1892 843 1945; x_wconf 90' lang='lat' dir='ltr'>ejusmodi</span> <span class='ocrx_word' id='word_1_208' title='bbox 894 1892 1138 1933; x_wconf 90' lang='lat' dir='ltr'>remedium</span> <span class='ocrx_word' id='word_1_209' title='bbox 1206 1893 1443 1946; x_wconf 87' lang='lat' dir='ltr'>applicare,</span> <span class='ocrx_word' id='word_1_210' title='bbox 1496 1895 1598 1946; x_wconf 87' lang='lat' dir='ltr'>quia</span> 
     </span>
     <span class='ocr_line' id='line_1_28' title="bbox 206 1960 1599 2009; baseline -0.001 -5"><span class='ocrx_word' id='word_1_211' title='bbox 206 1964 386 2005; x_wconf 90' lang='lat' dir='ltr'>effectus</span> <span class='ocrx_word' id='word_1_212' title='bbox 426 1961 499 2001; x_wconf 89' lang='lat' dir='ltr'>ille</span> <span class='ocrx_word' id='word_1_213' title='bbox 541 1961 706 2001; x_wconf 89' lang='lat' dir='ltr'>directe</span> <span class='ocrx_word' id='word_1_214' title='bbox 748 1961 1063 2009; x_wconf 88' lang='lat' dir='ltr'>intenderetur,</span> <span class='ocrx_word' id='word_1_215' title='bbox 1106 1960 1172 2000; x_wconf 89' lang='lat' dir='ltr'>sin</span> <span class='ocrx_word' id='word_1_216' title='bbox 1215 1962 1361 2001; x_wconf 90' lang='lat' dir='ltr'>minus</span> <span class='ocrx_word' id='word_1_217' title='bbox 1410 1968 1459 2002; x_wconf 91' lang='lat' dir='ltr'>ut</span> <span class='ocrx_word' id='word_1_218' title='bbox 1501 1961 1599 2002; x_wconf 91' lang='lat' dir='ltr'>finis</span> 
     </span>
     <span class='ocr_line' id='line_1_29' title="bbox 209 2027 1449 2085; baseline -0.002 -14"><span class='ocrx_word' id='word_1_219' title='bbox 209 2030 380 2085; x_wconf 83' lang='lat' dir='ltr'>agendi,</span> <span class='ocrx_word' id='word_1_220' title='bbox 404 2028 560 2069; x_wconf 88' lang='lat' dir='ltr'>saltem</span> <span class='ocrx_word' id='word_1_221' title='bbox 584 2034 633 2068; x_wconf 91' lang='lat' dir='ltr'>ut</span> <span class='ocrx_word' id='word_1_222' title='bbox 655 2028 849 2068; x_wconf 87' lang='lat' dir='ltr'>medium</span> <span class='ocrx_word' id='word_1_223' title='bbox 872 2028 1074 2068; x_wconf 86' lang='lat' dir='ltr'>sanitatis</span> <span class='ocrx_word' id='word_1_224' title='bbox 1097 2027 1449 2081; x_wconf 82' lang='lat' dir='ltr'>recuperandae.3</span> 
     </span>
    </p>

    <p class='ocr_par' dir='ltr' id='par_1_5' title="bbox 211 2096 1604 2218">
     <span class='ocr_line' id='line_1_30' title="bbox 274 2096 1602 2150; baseline -0.002 -11"><span class='ocrx_word' id='word_1_225' title='bbox 274 2099 361 2139; x_wconf 84' lang='lat'>166.</span> <span class='ocrx_word' id='word_1_226' title='bbox 397 2097 571 2138; x_wconf 89' lang='lat' dir='ltr'>Eodem</span> <span class='ocrx_word' id='word_1_227' title='bbox 595 2097 729 2136; x_wconf 90' lang='lat' dir='ltr'>modo</span> <span class='ocrx_word' id='word_1_228' title='bbox 750 2096 1037 2136; x_wconf 87' lang='lat' dir='ltr'>resolvendae</span> <span class='ocrx_word' id='word_1_229' title='bbox 1054 2103 1157 2137; x_wconf 91' lang='lat' dir='ltr'>sunt</span> <span class='ocrx_word' id='word_1_230' title='bbox 1173 2097 1453 2149; x_wconf 89' lang='lat' dir='ltr'>quaestiones</span> <span class='ocrx_word' id='word_1_231' title='bbox 1470 2110 1602 2150; x_wconf 91' lang='lat' dir='ltr'>quae-</span> 
     </span>
     <span class='ocr_line' id='line_1_31' title="bbox 211 2165 1604 2218; baseline -0.002 -9"><span class='ocrx_word' id='word_1_232' title='bbox 211 2169 314 2209; x_wconf 90' lang='lat' dir='ltr'>dam</span> <span class='ocrx_word' id='word_1_233' title='bbox 337 2167 392 2207; x_wconf 91' lang='lat' dir='ltr'>de</span> <span class='ocrx_word' id='word_1_234' title='bbox 416 2166 650 2205; x_wconf 87' lang='lat' dir='ltr'>innocente</span> <span class='ocrx_word' id='word_1_235' title='bbox 673 2165 927 2214; x_wconf 87' lang='lat' dir='ltr'>occidendo,</span> <span class='ocrx_word' id='word_1_236' title='bbox 945 2172 1164 2218; x_wconf 89' lang='lat' dir='ltr'>quatenus</span> <span class='ocrx_word' id='word_1_237' title='bbox 1182 2165 1426 2205; x_wconf 88' lang='lat' dir='ltr'>innocentis</span> <span class='ocrx_word' id='word_1_238' title='bbox 1444 2166 1604 2206; x_wconf 88' lang='lat' dir='ltr'>occisio</span> 
     </span>
    </p>
   </div>
   <div class='ocr_carea' id='block_1_3' title="bbox 212 2232 1601 2344">
    <p class='ocr_par' dir='ltr' id='par_1_6' title="bbox 212 2232 1601 2344">
     <span class='ocr_line' id='line_1_32' title="bbox 212 2232 1601 2288; baseline -0.001 -12"><span class='ocrx_word' id='word_1_239' title='bbox 212 2239 436 2288; x_wconf 88' lang='lat' dir='ltr'>spectatur</span> <span class='ocrx_word' id='word_1_240' title='bbox 457 2239 505 2273; x_wconf 91' lang='lat' dir='ltr'>ut</span> <span class='ocrx_word' id='word_1_241' title='bbox 527 2246 593 2273; x_wconf 90' lang='lat' dir='ltr'>res</span> <span class='ocrx_word' id='word_1_242' title='bbox 616 2232 848 2272; x_wconf 86' lang='lat' dir='ltr'>intrinsece</span> <span class='ocrx_word' id='word_1_243' title='bbox 881 2233 1008 2283; x_wconf 84' lang='lat' dir='ltr'>mala,</span> <span class='ocrx_word' id='word_1_244' title='bbox 1043 2246 1176 2287; x_wconf 85' lang='lat' dir='ltr'>quam</span> <span class='ocrx_word' id='word_1_245' title='bbox 1213 2233 1345 2285; x_wconf 82' lang='lat' dir='ltr'>igitur</span> <span class='ocrx_word' id='word_1_246' title='bbox 1375 2246 1601 2288; x_wconf 90' lang='lat' dir='ltr'>nunquam</span> 
     </span>
     <span class='ocr_line' id='line_1_33' title="bbox 212 2300 732 2344; baseline -0.01 0"><span class='ocrx_word' id='word_1_247' title='bbox 212 2304 365 2344; x_wconf 66' lang='lat' dir='ltr'>directe</span> <span class='ocrx_word' id='word_1_248' title='bbox 383 2302 551 2342; x_wconf 88' lang='lat' dir='ltr'>efficere</span> <span class='ocrx_word' id='word_1_249' title='bbox 574 2300 732 2340; x_wconf 62' lang='lat' dir='ltr'>liceat.4</span> 
     </span>
    </p>
   </div>
   <div class='ocr_carea' id='block_1_4' title="bbox 471 2387 1361 2538">
    <p class='ocr_par' dir='ltr' id='par_1_7' title="bbox 471 2387 1361 2538">
     <span class='ocr_line' id='line_1_34' title="bbox 476 2387 1361 2454; baseline 0.005 -14"><span class='ocrx_word' id='word_1_250' title='bbox 476 2411 485 2431; x_wconf 70' lang='grc' dir='ltr'>ἵ</span> <span class='ocrx_word' id='word_1_251' title='bbox 504 2411 581 2441; x_wconf 88' lang='lat' dir='ltr'>Vid.</span> <span class='ocrx_word' id='word_1_252' title='bbox 598 2421 660 2451; x_wconf 82' lang='lat' dir='ltr'>v.g.</span> <span class='ocrx_word' id='word_1_253' title='bbox 681 2411 783 2451; x_wconf 78' lang='lat' dir='ltr'>Gury,</span> <span class='ocrx_word' id='word_1_254' title='bbox 805 2412 893 2443; x_wconf 87' lang='lat' dir='ltr'>Part.</span> <span class='ocrx_word' id='word_1_255' title='bbox 913 2412 936 2443; x_wconf 83' lang='lat' dir='ltr'>i.</span> <span class='ocrx_word' id='word_1_256' title='bbox 955 2423 987 2443; x_wconf 93' lang='lat' dir='ltr'>n.</span> <span class='ocrx_word' id='word_1_257' title='bbox 1004 2421 1079 2451; x_wconf 88' lang='lat'>402.</span> <span class='ocrx_word' id='word_1_258' title='bbox 1118 2412 1265 2454; x_wconf 87' lang='lat' dir='ltr'>Princip.</span> <span class='ocrx_word' id='word_1_259' title='bbox 1281 2387 1361 2444; x_wconf 43' lang='grc' dir='ltr'>ΙῘΪΠ</span> 
     </span>
     <span class='ocr_line' id='line_1_35' title="bbox 471 2454 1338 2501; baseline 0.005 -18"><span class='ocrx_word' id='word_1_260' title='bbox 471 2454 543 2501; x_wconf 54' lang='grc' dir='ltr'>ῗῦε</span> <span class='ocrx_word' id='word_1_261' title='bbox 555 2455 703 2495; x_wconf 76' lang='lat' dir='ltr'>Justilia</span> <span class='ocrx_word' id='word_1_262' title='bbox 719 2463 745 2484; x_wconf 75' lang='lat' dir='ltr'>ec</span> <span class='ocrx_word' id='word_1_263' title='bbox 763 2456 859 2494; x_wconf 62' lang='lat' dir='ltr'>Just,</span> <span class='ocrx_word' id='word_1_264' title='bbox 881 2456 978 2496; x_wconf 85' lang='lat' dir='ltr'>Disp.</span> <span class='ocrx_word' id='word_1_265' title='bbox 1001 2464 1050 2494; x_wconf 90' lang='lat'>10,</span> <span class='ocrx_word' id='word_1_266' title='bbox 1071 2462 1148 2488; x_wconf 74' lang='lat' dir='ltr'>sect.</span> <span class='ocrx_word' id='word_1_267' title='bbox 1166 2467 1199 2488; x_wconf 95' lang='lat' dir='ltr'>v.</span> <span class='ocrx_word' id='word_1_268' title='bbox 1217 2467 1247 2487; x_wconf 91' lang='lat' dir='ltr'>n.</span> <span class='ocrx_word' id='word_1_269' title='bbox 1269 2464 1338 2497; x_wconf 86' lang='lat'>132.</span> 
     </span>
     <span class='ocr_line' id='line_1_36' title="bbox 475 2497 1017 2538; baseline 0.004 -11"><span class='ocrx_word' id='word_1_270' title='bbox 475 2497 489 2516; x_wconf 54' lang='grc' dir='ltr'><strong>ὅ</strong></span> <span class='ocrx_word' id='word_1_271' title='bbox 501 2497 580 2528; x_wconf 88' lang='lat' dir='ltr'>Vid.</span> <span class='ocrx_word' id='word_1_272' title='bbox 597 2498 649 2528; x_wconf 91' lang='lat' dir='ltr'>De</span> <span class='ocrx_word' id='word_1_273' title='bbox 666 2498 773 2538; x_wconf 81' lang='lat' dir='ltr'>Lugo,</span> <span class='ocrx_word' id='word_1_274' title='bbox 792 2498 872 2529; x_wconf 88' lang='lat' dir='ltr'>ibid.</span> <span class='ocrx_word' id='word_1_275' title='bbox 894 2509 926 2529; x_wconf 87' lang='lat' dir='ltr'>n.</span> <span class='ocrx_word' id='word_1_276' title='bbox 947 2498 1017 2529; x_wconf 88' lang='lat'>126.</span> 
     </span>
    </p>
   </div>
   <div class='ocr_carea' id='block_1_5' title="bbox 474 2541 970 2582">
    <p class='ocr_par' dir='ltr' id='par_1_8' title="bbox 474 2541 970 2582">
     <span class='ocr_line' id='line_1_37' title="bbox 474 2541 970 2582; baseline 0.002 -11"><span class='ocrx_word' id='word_1_277' title='bbox 474 2541 487 2561; x_wconf 74' lang='grc'>4</span> <span class='ocrx_word' id='word_1_278' title='bbox 500 2541 578 2571; x_wconf 87' lang='lat' dir='ltr'>Vid.</span> <span class='ocrx_word' id='word_1_279' title='bbox 595 2551 704 2582; x_wconf 82' lang='lat' dir='ltr'>supra,</span> <span class='ocrx_word' id='word_1_280' title='bbox 723 2551 755 2572; x_wconf 90' lang='lat' dir='ltr'>n.</span> <span class='ocrx_word' id='word_1_281' title='bbox 775 2548 847 2581; x_wconf 81' lang='lat'>153,</span> <span class='ocrx_word' id='word_1_282' title='bbox 863 2547 936 2572; x_wconf 76' lang='lat' dir='ltr'>nola</span> <span class='ocrx_word' id='word_1_283' title='bbox 959 2550 970 2572; x_wconf 85' lang='lat'>1</span> 
     </span>
    </p>
   </div>
  </div>
 </body>
</html>
