1716 2729
163 117 219 168 36
748 114 788 155 T
785 119 977 155 ractatus
1384 113 1559 168 [GURY,

162 240 330 282 natura,
374 245 510 285 quum
552 228 677 270 infra1
719 229 813 270 fuse
855 230 1075 283 agendum
1120 229 1188 277 sit,
1233 227 1302 268 hic
1347 229 1452 268 satis
1495 236 1561 270 est

163 308 398 354 utrumque
435 305 568 353 caput
590 299 814 339 doctrinae
848 299 940 351 jam
978 298 1166 339 traditae
1203 297 1420 350 exemplis
1443 297 1560 338 illus-

162 376 287 411 trare.
350 369 423 410 Sic
443 382 522 421 vg.
547 374 721 408 constat
752 367 815 420 (a)
848 367 1046 406 illicitum
1070 379 1164 405 esse
1186 365 1357 418 tegulas
1380 366 1422 405 in
1445 367 1560 407 viam

162 437 384 490 publicam
416 435 640 488 projicere,
672 435 870 489 praeviso
893 433 1087 488 periculo
1110 433 1363 473 detrimenti
1395 439 1561 475 transe-

163 506 342 547 untibus
385 505 630 555 inferendi;
663 518 742 544 nec
780 505 923 543 minus
958 508 1132 543 constat
1169 502 1227 555 (b)
1265 503 1448 556 principi
1485 504 1561 544 ali-

161 575 342 628 quando
373 573 541 614 licitum
575 586 669 613 esse
700 572 866 613 bellum
898 585 1059 624 gerere,
1091 571 1172 610 etsi
1204 571 1563 614 animadverterit

163 643 351 696 plurima
382 655 520 694 eaque
553 641 813 694 gravissima
843 641 1006 680 damna
1029 639 1258 679 inferenda
1280 653 1373 680 esse
1395 641 1562 682 civibus

162 712 345 751 omnino
374 710 695 750 innocentibus.

221 790 287 832 97.
323 779 409 818 Hic
434 778 565 830 igitur
586 777 811 830 quaeritur
833 783 992 825 utrum,
1014 782 1062 816 ut
1086 776 1266 816 effectus
1289 777 1345 816 sit
1368 777 1414 817 in
1434 792 1562 820 causa

162 847 448 894 voluntarius,
469 845 686 885 sufficiant
723 845 996 885 conditiones
1035 845 1148 885 duae
1183 858 1252 884 nn.
1290 856 1359 897 93,
1381 857 1452 898 94.
1485 862 1562 888 ex-

163 916 346 970 positae,
369 929 420 954 an
447 915 624 966 insuper
646 913 891 965 requiratur
923 913 1046 953 tertio
1077 919 1125 953 ut
1148 913 1331 954 actionis
1354 914 1563 966 adjuncta

164 983 382 1036 ejusmodi
417 983 514 1029 sint,
548 987 595 1022 ut
632 995 781 1033 agens,
817 995 954 1034 quum
989 982 1227 1022 adverterit
1260 981 1317 1021 ad
1355 981 1561 1024 effectum

164 1058 429 1100 secuturum,
467 1051 566 1090 ideo
599 1056 802 1090 teneatur
835 1050 1055 1090 abstinere
1098 1050 1334 1102 quominus
1372 1064 1561 1099 causam,

165 1121 246 1162 etsi
269 1120 312 1159 in
334 1133 380 1159 se
402 1119 582 1158 omnino
605 1118 784 1166 licitam,
806 1124 944 1170 ponat
969 1121 985 1157 ?

223 1190 290 1240 98,
317 1187 404 1226 Hic
426 1186 643 1239 triplicem
666 1186 782 1226 viam
801 1185 891 1225 TT.
911 1186 1074 1226 ineunt.
1106 1185 1198 1225 Alii
1223 1186 1339 1226 enim
1363 1194 1563 1229 statuunt

165 1256 463 1296 conditionem
516 1253 627 1294 hanc
679 1254 854 1293 tertiam
907 1253 1064 1306 requiri
1090 1269 1097 1293 :
1159 1253 1370 1306 alioquin,
1423 1256 1562 1304 aiunt,

165 1323 404 1365 dicendum
439 1328 567 1370 esset,
589 1323 706 1374 quod
741 1336 847 1362 sane
883 1323 1017 1362 durus
1055 1328 1171 1361 esset
1203 1336 1360 1371 sermo,
1383 1331 1566 1375 peccata

165 1392 396 1432 hominum
427 1405 521 1431 esse
549 1390 797 1430 voluntaria
834 1390 877 1429 in
901 1390 1011 1439 Deo,
1033 1390 1106 1442 qui
1142 1390 1333 1442 quidem,
1355 1391 1406 1431 iis
1434 1392 1564 1444 plane

166 1460 390 1513 praevisis,
441 1459 665 1498 hominem
733 1465 881 1497 tamen
933 1458 1131 1497 condidit
1182 1457 1379 1507 liberum,
1431 1467 1562 1513 atque

167 1528 378 1581 peccandi
420 1527 620 1579 potentia
660 1526 922 1578 praeditum.
986 1525 1076 1565 Alii
1129 1539 1151 1564 e
1202 1532 1351 1566 contra
1403 1528 1563 1569 docent

167 1598 364 1637 sufficere
405 1594 679 1634 conditiones
721 1607 794 1633 nn.
840 1604 907 1645 93,
947 1605 1019 1645 94.
1062 1594 1320 1644 expositas:
1365 1594 1561 1648 alioquin

168 1666 302 1712 aiunt,
346 1663 580 1703 dicendum
623 1668 751 1709 esset,
795 1661 911 1713 quod
965 1674 1071 1701 sane
1116 1661 1295 1700 omnino
1346 1662 1560 1705 absonum

167 1734 353 1779 videtur,
375 1731 533 1771 vulnus
555 1729 767 1769 inflictum
792 1730 847 1769 ab
870 1743 921 1769 eo
944 1729 1017 1781 qui
1041 1728 1217 1768 alterius
1248 1736 1401 1781 pectus
1424 1737 1559 1773 trans-

168 1801 308 1840 fodiat
345 1798 505 1852 gladio,
543 1811 672 1851 posse
714 1810 801 1836 non
846 1797 1138 1837 voluntarium
1182 1811 1275 1837 esse
1317 1799 1561 1842 dummodo

168 1869 286 1908 licite
323 1872 437 1921 agat,
463 1880 545 1919 mg.
573 1866 608 1905 si
635 1866 780 1918 agitur
801 1865 856 1905 de
886 1865 1023 1904 milite
1050 1866 1124 1917 qui
1156 1865 1304 1905 hostes
1334 1867 1376 1906 in
1398 1870 1563 1920 praelio

168 1939 230 1977 sic
252 1935 463 1977 interimit
485 1949 493 1984 3
525 1934 643 1987 quod
666 1947 768 1973 vero
799 1933 958 1973 attinet
978 1934 1034 1974 ad
1058 1934 1272 1973 rationem
1304 1934 1482 1977 allatam
1506 1940 1562 1978 ab

168 2006 221 2046 iis
243 2005 318 2058 qui
341 2004 516 2044 tertiam
554 2003 740 2054 insuper,
764 2007 812 2042 ut
845 2002 938 2054 jam
972 2001 1139 2042 dictum
1162 2007 1239 2050 est,
1261 2004 1561 2045 conditionem

168 2073 369 2126 exigunt,
410 2071 454 2110 hi
496 2071 675 2123 quidem
716 2069 813 2110 TT.
858 2070 1050 2109 fatentur
1101 2075 1282 2122 peccata
1332 2070 1562 2113 hominum

168 2143 322 2195 utique
343 2139 530 2180 dicenda
551 2151 646 2178 esse
668 2138 710 2176 in
744 2137 842 2177 Deo
863 2136 1120 2186 voluntaria,
1150 2138 1225 2177 sed
1248 2145 1413 2190 negant
1443 2140 1564 2181 locu-

169 2212 336 2250 tionem
371 2208 503 2255 illam,
526 2208 561 2247 si
599 2211 850 2258 exponatur
885 2205 1100 2258 genuinus
1141 2218 1293 2245 sensus
1330 2207 1561 2248 verborum

169 2281 230 2318 ita
251 2285 300 2318 ut
322 2277 445 2318 notio
467 2275 621 2327 culpae
644 2274 918 2323 excludatur,
939 2273 1106 2326 aliquid
1129 2273 1270 2326 reipsa
1292 2274 1561 2316 incommodi

169 2360 273 2399 prae
294 2359 340 2385 se
362 2345 481 2384 ferre.

226 2427 293 2467 99.
325 2413 415 2453 Alii
449 2412 651 2464 denique,
687 2423 873 2463 quorum
908 2409 1125 2450 sententia
1158 2409 1246 2450 fere
1266 2411 1462 2451 omnium
1495 2418 1562 2452 est

623 2570 637 2592 ²
659 2571 736 2602 Vid.
755 2570 850 2610 infra,
870 2581 926 2602 nn.
949 2579 1107 2610 114—191.
