1716 2729
149 99 222 127 nn.
246 90 298 129 28
321 102 330 138 ;
355 99 419 139 31,
444 87 527 140 32]
600 88 652 127 de
669 86 852 127 Actibus
873 86 1107 127 Hmlzczm's.
1470 94 1552 137 215

149 203 217 243 vel
239 203 303 243 ad
319 203 489 255 regulas
510 216 676 242 morum
699 202 870 251 attinet,
893 201 965 242 ille
988 203 1184 254 profecto
1209 217 1294 243 non
1319 203 1410 256 agit
1433 215 1557 242 more

150 271 392 320 brutorum,
428 271 503 323 qui
545 277 764 324 operatur,
787 278 834 311 ut
875 271 936 310 ait
978 270 1118 319 Viva)
1153 271 1393 311 “consulta
1434 270 1555 324 prius

151 339 302 393 regula
320 353 503 388 morum,
523 345 566 380 et
587 339 681 379 viso
695 340 814 391 quod
838 345 962 379 actus
981 339 1039 378 illi
1059 353 1145 379 non
1165 339 1452 387 difformetur,
1489 371 1497 379 .
1544 368 1554 377 .

150 408 471 448 determinatus
527 421 615 447 non
672 421 836 460 ponere
899 408 1118 448 actionem
1177 420 1290 461 quae
1343 414 1557 460 appareat

151 474 412 529 prohibita.”

208 545 305 595 624.
344 544 568 594 Te1¹tz‘0,ut
604 557 644 584 n.
680 545 776 584 618.
815 545 982 585 dictum
1025 551 1106 594 est,
1143 545 1197 585 ad
1241 551 1554 598 argumentum

151 613 483 654 Thomistarum
507 619 655 666 potest
678 613 764 654 alio
797 614 931 654 modo
961 614 1229 667 responderi,
1250 628 1308 654 ex
1331 614 1558 667 principiis

152 683 197 724 S.
221 683 431 723 Thomae.
495 682 542 723 Si
565 683 682 722 enim
706 689 830 723 actus
860 683 914 723 de
946 683 1106 737 quibus
1138 684 1285 736 agitur
1305 689 1408 723 sunt
1430 696 1488 723 ex
1510 696 1559 722 se

151 748 307 789 saltem
329 748 448 796 liciti,
471 762 546 788 seu
570 762 650 788 non
674 749 785 789 mali
807 752 969 802 (neque
998 749 1115 789 enim
1148 751 1204 790 de
1233 750 1405 790 actibus
1428 763 1486 789 ex
1509 763 1557 789 se

152 817 280 858 malis
302 823 448 870 potest
470 816 540 858 hic
563 831 658 857 esse
681 819 913 871 quaestio),
937 823 1071 871 atque
1095 818 1336 858 deliberate
1364 817 1475 859 fiunt
1498 818 1557 858 ob

151 885 343 938 aliquem
405 884 538 925 finem
592 885 774 934 homini,
816 885 883 925 vel
934 887 1179 926 secundum
1224 900 1395 940 corpus,
1454 900 1562 926 con-

150 955 416 1002 venientem,
439 967 526 994 non
562 954 742 1006 quidem
777 953 1078 994 indifferentes
1113 961 1228 1002 sunt,
1250 955 1328 994 sed
1362 961 1410 994 ut
1443 953 1559 994 infra

151 1035 222 1064 nn.
245 1021 447 1072 674-688.
471 1021 732 1069 videbimus,
757 1021 983 1062 moraliter
1013 1022 1130 1063 boni.
1191 1023 1400 1076 Jamvero
1427 1035 1561 1062 nemo

152 1096 220 1131 est
286 1090 360 1143 qui
427 1095 559 1143 neget
609 1090 833 1131 hominem
893 1091 1136 1130 secundum
1193 1090 1465 1144 exigentiam
1518 1096 1564 1130 et

153 1159 420 1212 dignitatem
453 1165 636 1199 naturae
666 1158 901 1208 humanae,
926 1159 1062 1199 immo
1085 1166 1128 1199 et
1152 1159 1392 1208 rationalis,
1414 1172 1559 1211 agere,

154 1241 290 1280 quum
314 1240 402 1267 non
425 1232 601 1267 tantum
634 1240 722 1267 non
757 1227 882 1277 male,
905 1227 982 1267 sed
1016 1233 1059 1267 et
1093 1227 1317 1267 moraliter
1339 1227 1461 1276 bene,
1484 1240 1562 1267 seu

153 1295 350 1344 honeste,
372 1300 487 1348 agat.
1236 1282 1238 1285 ’

211 1364 307 1416 625.
341 1363 515 1404 Deinde
557 1363 612 1403 ad
639 1367 714 1402 zum
758 1363 1090 1404 Thomistarum
1141 1370 1453 1415 argumentum
1497 1378 1562 1404 re-

153 1433 375 1486 spondent
399 1431 619 1473 Scotistae
641 1432 911 1484 exponendo
940 1446 1117 1472 sensum
1150 1433 1364 1472 sermonis
1388 1431 1563 1474 Christi.

211 1500 309 1542 626.
341 1500 400 1540 Et
434 1500 615 1552 quidem
659 1503 708 1550 1⁰,
731 1506 779 1540 ut
813 1514 946 1553 supra
979 1514 1015 1540 n.
1039 1502 1134 1551 609.
1159 1501 1326 1540 dictum
1360 1507 1438 1548 est,
1459 1508 1564 1541 sunt

156 1570 230 1624 qui
253 1576 430 1610 textum
461 1568 712 1622 intelligant
744 1582 832 1609 non
865 1569 920 1608 de
953 1569 1126 1617 ratione,
1150 1574 1197 1608 ut
1220 1569 1354 1617 aiunt,
1375 1568 1564 1609 condem-

157 1638 346 1679 nationis
371 1637 450 1677 sed
485 1636 541 1677 de
578 1637 745 1677 ratione
779 1643 954 1677 tantum
991 1637 1279 1678 discnssiomssv.
1364 1637 1423 1676 Iis
1459 1651 1564 1677 vero

153 1703 503 1760 praetermissis?

214 1776 310 1826 627.
345 1774 437 1814 Alii
475 1779 519 1813 2⁰
553 1780 656 1814 sunt
679 1774 766 1827 qui,
797 1773 979 1813 omnino
1004 1780 1216 1826 negantes
1251 1773 1475 1814 Christum
1509 1773 1565 1814 de

156 1843 291 1883 verbo
312 1842 440 1882 otioso
470 1842 541 1883 hie
563 1842 760 1882 locutum
794 1855 900 1887 esse,
924 1855 1185 1890 sermonem,
1207 1855 1307 1883 cum
1340 1841 1562 1882 veteribus

157 1910 424 1964 quibusdam
490 1911 816 1964 interpretibus,
883 1910 1142 1963 Euthymio‚
1206 1910 1562 1964 Theophylacto¹

160 1978 202 2020 S.
246 1978 578 2031 Chrysostomo,
620 1985 714 2027 eto,
748 1979 1001 2031 intelligunt
1034 1978 1089 2018 de
1127 1978 1260 2018 verbo
1297 1978 1492 2018 mendaci
1518 1984 1563 2018 et

157 2046 498 2087 calumnz'atorio.
562 2047 642 2087 Cui
666 2047 915 2087 sententiae
947 2045 1096 2086 favent
1120 2046 1318 2086 nonnulli
1351 2046 1424 2098 qui
1449 2046 1562 2086 inter

159 2115 421 2170 praecipuos
493 2116 840 2168 Evangeliorum
911 2115 1173 2167 interpretes
1238 2114 1356 2154 haud
1428 2114 1563 2154 dubie

160 2183 438 2225 annumerari
461 2184 638 2224 debent.
717 2184 789 2226 Sic
810 2197 894 2235 vg.
921 2183 1224 2232 Maldonatus,
1245 2183 1360 2223 hunc
1382 2196 1561 2222 sensum

156 2253 360 2306 judicans
401 2253 633 2293 contextui
685 2253 899 2292 sermonis
951 2252 1093 2292 multo
1136 2252 1276 2304 magis
1328 2251 1562 2291 convenire

160 2335 294 2374 quam
332 2320 403 2360 ille
437 2335 568 2374 quem
611 2321 784 2361 exhibit
819 2327 969 2360 nostra
1003 2320 1144 2360 versio
1181 2320 1362 2371 vulgata
1403 2318 1559 2372 (quum

163 2389 364 2431 Christus
400 2389 470 2430 hic
512 2389 848 2429 Pharisaeorum
891 2389 1136 2429 calumnias
1178 2396 1219 2428 et
1263 2387 1562 2440 blasphemias

293 2498 304 2518 ¹
328 2503 385 2534 Tr.
403 2502 438 2533 de
453 2504 525 2533 Act.
541 2503 724 2537 Humanis,
744 2503 831 2533 Part.
852 2510 882 2532 2.
898 2502 985 2544 disp.
1004 2501 1058 2533 vii.
1079 2508 1204 2543 quaest.
1224 2501 1270 2532 iii.
1289 2511 1344 2531 nn.
1362 2499 1392 2537 6,
1412 2500 1444 2531 8.

292 2542 306 2564 ²
323 2546 400 2577 viu.
419 2554 527 2584 antea,
546 2556 580 2576 n.
599 2547 672 2585 609.
