1716 2729
167 109 218 158 58
750 108 789 147 T
788 113 980 148 metatus
1383 106 1561 161 [GURY‚

162 229 305 263 ortam
329 236 423 262 esse
445 222 563 275 quod
586 223 628 262 in
662 223 875 276 principio
907 222 1179 263 enuntiando
1219 221 1311 262 TT.
1334 235 1421 263 non
1455 224 1562 264 satis
1587 204 1592 214 ¹

163 291 362 331 animum
385 291 655 331 adverterint
677 291 758 330 nisi
781 291 836 331 ad
859 304 995 331 unum
1029 304 1086 330 ex
1119 289 1291 331 duobus
1323 291 1557 343 generibus

162 372 343 399 casuum
367 371 481 411 quae
504 364 653 398 tamen
677 358 809 412 plane
831 360 944 398 inter
965 372 1012 398 se
1034 358 1246 410 distingui
1277 357 1500 399 deberent.

227 436 316 479 152.
347 427 441 467 Alii
464 427 581 467 enim
604 434 707 467 sunt
730 441 854 467 casus
878 427 942 479 (a)
973 427 1015 466 in
1047 427 1206 479 quibus
1239 427 1406 467 malum
1438 439 1558 467 secu-

161 502 309 536 turum
332 495 443 535 adeo
466 494 747 535 inhonestum
772 501 838 535 est
864 500 912 535 ut
944 494 1051 535 nulli
1084 508 1279 547 unquam
1303 495 1433 535 liceat
1457 507 1560 535 con-

163 564 323 605 sentire
345 564 387 603 in
412 563 529 611 illud,
552 576 694 615 neque
717 569 764 602 ut
786 562 918 603 finem
937 562 1110 615 agendi,
1129 575 1271 615 neque
1292 568 1340 603 ut
1364 562 1558 603 medium

162 632 466 685 assequendae
498 630 607 671 alius
646 631 704 670 rei
743 631 1028 684 quantumvis
1070 631 1112 670 in
1154 644 1202 671 se
1244 631 1388 671 bonae
1424 637 1559 684 atque

163 700 402 749 honestae;
435 698 508 738 alii
530 712 633 738 vero
654 704 757 738 sunt
779 698 841 752 (b)
865 699 908 738 in
932 698 1090 751 quibus
1113 698 1279 738 malum
1305 705 1557 740 secuturum

164 781 251 808 non
284 767 396 807 adeo
419 766 701 806 inhonestum
744 772 822 816 est,
864 772 907 807 et
948 767 1048 807 ideo
1089 767 1191 808 licet
1232 767 1276 807 in
1312 768 1419 809 illud
1457 782 1557 810 con-

163 837 337 886 sentire,
358 837 423 876 sin
459 835 601 874 minus
635 841 685 875 ut
720 834 852 875 finem
889 835 1062 889 agendi,
1094 837 1250 876 saltem
1282 842 1331 876 ut
1363 837 1558 877 medium

163 904 426 958 assequendi
449 903 560 944 alius
583 903 681 943 finis
704 903 808 943 boni
832 910 875 944 et
897 903 1098 945 honesti.-

227 982 323 1025 153.
355 973 601 1012 Recensere
617 972 796 1024 quidem
820 985 871 1012 ea
891 986 1004 1025 quae
1022 973 1164 1026 priore
1178 986 1308 1013 sensu
1326 972 1559 1014 inhonesta

163 1048 278 1091 sunt,
299 1041 429 1094 hujus
461 1040 659 1093 profecto
692 1053 779 1080 non
812 1045 879 1080 est
910 1040 993 1080 loci
1013 1054 1021 1090 ;
1054 1040 1244 1094 pertinet
1266 1039 1382 1080 enim
1404 1041 1460 1082 ad
1483 1055 1559 1082 eos

165 1110 438 1163 Theologiae
461 1108 643 1149 Mor-alis
665 1114 879 1150 tractatus
901 1109 943 1149 in
967 1109 1125 1162 quibus
1148 1109 1348 1162 singulae
1375 1109 1559 1151 virtutes

164 1185 299 1232 atque
329 1184 565 1232 praecepta
597 1183 907 1230 exponuntur:
952 1178 1012 1217 sic
1053 1191 1132 1230 vg.
1176 1178 1219 1217 in
1257 1177 1468 1218 Tractatu
1506 1179 1562 1219 de

166 1246 335 1300 Quinto
377 1247 620 1298 Praecepto
663 1245 878 1298 Decalogi
920 1246 1169 1286 ostenditur
1210 1245 1429 1297 ejusmodi
1465 1259 1561 1287 esse

165 1322 289 1356 actus
326 1329 372 1355 se
413 1314 654 1362 occidendi,
687 1313 917 1354 occidendi
950 1311 1259 1363 innocentem,1
1299 1315 1560 1366 procurandi

165 1384 383 1432 abortum,
421 1388 514 1431 etc„
551 1388 669 1432 etc.,;
704 1381 746 1422 in
782 1382 995 1422 Tractatu
1033 1382 1089 1422 de
1132 1381 1274 1422 Sexto
1319 1381 1561 1436 Praecepto

169 1451 362 1504 idipsum
386 1450 634 1491 ostenditur
655 1450 711 1490 de
733 1450 932 1503 pluribus
965 1449 1135 1490 actibus
1167 1455 1301 1502 atque
1331 1449 1563 1491 effectibus

167 1520 317 1561 virtuti
340 1519 556 1559 castitatis
578 1519 795 1572 oppositis
815 1533 824 1569 ;
855 1525 899 1560 et
921 1518 983 1559 sic
1005 1519 1060 1559 de
1082 1516 1266 1558 ceteris.2

231 1596 322 1639 154.
359 1587 485 1627 Haec
512 1600 615 1628 vero
647 1587 872 1628 distinctio
904 1586 939 1627 si
981 1592 1186 1636 servetur,
1209 1585 1472 1639 principium
1501 1587 1562 1627 sic

167 1656 349 1711 proferri
389 1661 549 1709 potest,
581 1662 629 1696 ut
655 1668 809 1696 omnes
841 1654 1021 1695 omnino
1062 1667 1188 1693 casus
1228 1652 1548 1706 complectatur

170 1725 237 1767 Sit
260 1725 393 1777 igitur

233 1841 327 1885 155.
360 1831 697 1887 Principium
718 1830 1002 1875 HL—Licet
1027 1840 1178 1886 ponere
1216 1847 1391 1874 causam
1411 1847 1462 1874 ex
1478 1846 1564 1887 qua

169 1901 253 1942 duo
265 1899 580 1953 praevidentur
596 1898 763 1949 effeclm
782 1901 978 1949 secuturi,
999 1914 1178 1953 quorum
1199 1902 1310 1941 alter
1328 1900 1459 1941 bonus
1488 1908 1562 1951 est,

170 1971 281 2011 alter
300 1982 396 2008 vero
417 1966 573 2016 malus,
596 1967 823 2008 dummodo
849 1972 888 2008 1⁰
916 1969 1008 2022 ipsa
1039 1983 1171 2011 causa
1203 1969 1263 2010 sit
1293 1969 1339 2010 in
1374 1984 1418 2010 se
1447 1969 1565 2011 bona

170 2044 251 2078 aut
269 2036 420 2077 saltem
441 2034 706 2085 indifferens,
733 2040 776 2076 2⁰
796 2037 915 2078 adsit
929 2038 1040 2078 ratio
1056 2038 1214 2090 agendi
1231 2038 1565 2090 proportionate

172 2105 332 2158 gravis,
366 2110 407 2144 et
439 2108 482 2155 3⁰
512 2118 566 2145 ne
605 2105 838 2146 inhonesta
869 2107 930 2146 sz‘t
962 2106 1130 2160 agentis
1161 2106 1358 2146 intentio.
1420 2107 1565 2159 Atque

174 2175 348 2226 insuper
382 2171 427 2212 ἐκ
464 2171 519 2211 iis
551 2171 718 2212 casibus
753 2173 800 2212 in
832 2172 986 2226 quibus
1016 2173 1158 2214 malus
1186 2173 1352 2225 effectus
1376 2173 1478 2214 adeo
1500 2174 1564 2214 in-

172 2243 369 2283 honestus
407 2246 470 2280 est
509 2247 557 2279 ut
593 2241 707 2280 nulli
741 2255 930 2294 unquam
965 2242 1090 2282 liceat
1122 2241 1168 2281 in
1197 2254 1291 2281 eum
1322 2241 1564 2291 consentire,

173 2324 303 2363 neque
322 2310 516 2362 utfinem
536 2309 703 2361 agendi,
724 2323 852 2362 neque
876 2317 926 2350 ut
954 2310 1139 2350 medz'mn
1171 2310 1422 2363 assequendi
1448 2311 1563 2351 alius

217 2446 299 2478 lDe
328 2447 394 2477 hoc
420 2449 542 2483 tamen,
574 2445 663 2486 quod
694 2446 827 2483 quidem
857 2444 992 2486 propius
1015 2445 1213 2485 investigare
1243 2445 1285 2475 ad
1317 2445 1508 2475 Tractatum
1527 2442 1565 2474 de

176 2491 299 2529 Quinto
314 2491 483 2529 Praecepto
494 2489 646 2528 Decasogz·
661 2489 814 2529 pertinet,
829 2489 897 2519 vid.
908 2489 1046 2525 Laloux,
1068 2488 1175 2518 Tract.
1191 2488 1228 2518 de
1235 2487 1368 2518 Actibus
1380 2487 1562 2521 Humanis,

174 2533 264 2564 Diss.
285 2532 316 2563 8.
335 2538 415 2564 sect.
433 2540 470 2572 33
495 2537 527 2563 et
544 2532 664 2562 Exam.
684 2537 769 2572 part.
792 2540 821 2562 1.
841 2541 915 2573 cap.
932 2531 953 2563 i.
973 2536 1034 2562 art.
1054 2539 1083 2571 3.

213 2576 227 2596 2
239 2576 316 2606 Vid.
333 2586 443 2616 supra,
462 2585 519 2606 nn.
542 2574 692 2614 130-138.
