1716 2729
192 126 278 167 266
604 123 641 166 C
637 131 732 178 emp
737 124 824 165 end
821 124 866 165 iu
871 138 913 165 m
943 123 984 164 T
980 130 1174 165 ructatus

190 241 221 276 si
250 240 324 276 alio
351 241 466 276 modo
490 240 738 286 inspiciatur:
765 239 867 285 quod
897 250 1010 285 saepe
1037 239 1162 274 evenit
1192 252 1307 286 quum
1339 239 1534 285 inspicitur
1562 246 1605 275 ut

189 295 295 324 actus
329 290 489 323 virtutis
521 295 584 323 aut
618 289 718 323 vitii.
768 289 876 322 Tunc
917 287 1092 322 dicuntur
1123 289 1428 322 circumstantiae
1451 288 1600 333 ingredi

189 338 374 371 rationem
392 337 523 382 objecti
537 337 704 370 moralis,
733 333 944 381 [436-439.]

718 431 736 484 ξ
774 446 806 470 1.
838 434 903 470 De
927 433 1090 483 Objccto.

235 524 396 568 QUAER.
429 523 475 556 1⁰.
506 521 613 567 Quid
624 523 675 556 sit
692 521 882 567 objectum
901 525 1006 555 actus
1023 521 1187 555 numani
1199 522 1218 555 .'?

236 588 356 621 RESP.
388 587 577 631 Oby'ectum
595 585 633 619 in
650 597 789 630 genere
815 591 872 619 est
890 585 935 619 id
947 585 1050 629 quod
1070 585 1264 619 voluntati
1288 585 1473 629 objicitur.
1526 583 1601 619 Hic

187 646 312 670 sermo
339 640 395 668 est
413 634 460 667 de
480 633 627 678 objecto
651 634 839 678 proximo,
860 639 896 666 et
915 633 1067 677 quidem
1094 632 1132 666 in
1151 644 1263 666 sensu
1292 631 1488 675 strictiore,
1508 643 1594 677 qua-

187 689 296 717 tenus
323 681 496 725 designat
522 687 629 714 actus
653 680 903 714 substantiam
920 693 933 715 .·
957 680 1135 725 objectum
1162 684 1345 713 remotum
1373 686 1429 714 est
1446 679 1491 713 id
1503 680 1603 714 circa

187 730 290 775 quod
303 729 491 774 objectum
509 727 720 772 proximum
738 731 925 761 versatur.
976 726 1178 772 [440-442.]

237 795 398 839 QUAER.
419 800 467 826 20.
499 791 688 837 Quomodo
705 791 766 825 lzz'c
782 791 1049 837 distinguatur
1063 791 1241 836 objectum
1253 793 1478 836 proximum
1494 792 1514 824 .?

237 859 358 892 RESP.
386 858 455 890 Est
483 857 630 896 bonurn,
659 856 814 899 malum,
841 856 899 889 vel
927 855 1153 899 indfflmns,
1185 863 1293 900 prout
1323 856 1514 889 conforme
1541 854 1600 888 vel

187 905 360 940 difforme
388 911 444 938 est
474 903 610 948 regulis
641 914 788 937 morum
804 916 810 936 :
841 910 954 947 atque
973 910 1095 946 potest
1114 914 1197 936 esse
1218 904 1360 936 bonum
1379 910 1441 936 aut
1460 902 1600 936 malum

187 953 246 987 vel
264 953 472 991 intrinsece,
486 951 545 985 vel
562 951 1029 984 extrinseca-lntrinsece
1046 949 1198 995 quidem
1215 952 1316 984 mala
1330 960 1600 994 nonnunquam

187 999 341 1035 ulterius
367 999 646 1043 distinguuntur
672 997 708 1031 in
727 1009 772 1032 ea
791 997 851 1041 (a)
872 1009 967 1042 quae
993 998 1089 1031 adeo
1115 1005 1217 1032 recto
1243 997 1365 1031 ordini
1391 1003 1619 1040 repugnent.

190 1054 230 1082 ut
260 1058 453 1092 nunquam
485 1046 629 1090 possint
657 1045 757 1079 licite
783 1044 873 1087 fieri,
893 1052 928 1078 et
947 1056 992 1079 ea
1008 1044 1059 1086 (b)
1079 1057 1187 1090 quae,
1213 1056 1281 1088 pro
1308 1043 1599 1078 circumstantiis

188 1094 358 1135 diversis,
377 1093 581 1139 aliquando
601 1092 738 1135 illicita,
757 1092 961 1137 aliquando
980 1091 1093 1131 licita,
1112 1092 1185 1126 sint
1207 1104 1213 1126 z
1240 1093 1311 1126 hoc
1331 1099 1457 1125 tamen
1476 1090 1600 1125 minus

189 1148 363 1176 accurate
395 1141 600 1185 profertur-3
635 1139 818 1185 quidquid
846 1139 946 1174 enim
977 1139 1100 1183 reipsa
1130 1141 1328 1173 intrinsece
1360 1140 1503 1172 nullum
1532 1144 1601 1178 est,

189 1189 332 1224 licitum
352 1189 430 1222 fieri
450 1195 572 1233 potest
591 1199 794 1232 nunquam.
847 1186 1050 1232 [443-455]

238 1272 511 1305 PRINCIPIUM.
545 1271 614 1304 Ex
626 1271 764 1304 morali
780 1270 913 1314 objecto
930 1269 1079 1303 honesto
1097 1273 1167 1303 aut
1182 1269 1375 1303 inhonesto
1392 1257 1605 1302 desmn‘itur

191 1319 380 1353 hm'marz'a
398 1322 503 1351 actus
522 1318 730 1351 moralitas.

238 1365 350 1400 Ratio
370 1373 425 1399 est
446 1364 532 1409 quia
553 1365 746 1398 moralitas
777 1375 873 1410 quae
902 1363 1000 1398 actui
1029 1375 1072 1398 ex
1102 1364 1250 1408 objecto
1269 1363 1365 1397 inest
1392 1361 1602 1407 concipitur

190 1420 277 1447 ante
295 1424 446 1446 omnem
467 1412 576 1446 aliam
598 1423 694 1456 quae
713 1411 791 1446 sive
810 1423 854 1445 ex
873 1411 944 1445 fine
959 1411 1036 1445 sive
1052 1423 1095 1445 ex
1114 1410 1405 1445 circumstantiis
1417 1410 1601 1455 provenit.

189 1459 315 1494 —Hic
334 1471 457 1494 sermo
477 1466 532 1493 est
553 1459 608 1502 (a)
623 1460 668 1493 de
688 1459 836 1504 objecto
855 1460 1004 1499 morali,
1023 1459 1123 1503 quod
1142 1466 1288 1492 constat
1308 1457 1408 1491 exiis
1428 1457 1604 1491 omnibus

190 1507 325 1553 quibus
344 1514 449 1541 actus
468 1506 520 1540 ita
538 1506 776 1540 constituitur
794 1514 832 1540 ut
852 1507 899 1540 ad
919 1506 1082 1551 aliquam
1096 1506 1269 1540 virtutem
1289 1512 1351 1539 aut
1371 1504 1501 1538 vitium
1519 1516 1600 1548 per-

189 1556 326 1595 tineat3
359 1555 519 1598 ideoque
540 1554 592 1597 (b)
612 1555 658 1588 de
686 1554 834 1598 objecto
864 1554 1014 1587 honesto
1041 1560 1105 1587 aut
1133 1553 1352 1593 z‘nlzom‘sto;
1381 1551 1542 1596 denique
1562 1551 1606 1589 (c)

190 1603 238 1637 de
256 1602 405 1646 objecto
419 1603 606 1646 proximo.
662 1601 870 1645 [456-460]
902 1630 905 1633 .

630 1693 647 1745 ξ
683 1708 717 1732 2.
748 1696 814 1731 De
840 1695 1165 1732 circmnstanttzs.

238 1782 399 1826 QUAER.
420 1786 461 1814 10.
492 1781 598 1824 Quid
609 1782 661 1814 sit
678 1780 959 1815 circumstantia
977 1784 1082 1814 actus
1095 1781 1114 1813 ,P

238 1849 358 1881 RESP.
388 1847 702 1881 Circumstantiae
721 1855 805 1882 sunt
825 1847 1002 1892 adjuncta
1021 1847 1100 1881 sine
1119 1846 1254 1891 quibus
1268 1844 1477 1879 substantia
1495 1850 1600 1878 actus

190 1895 335 1939 concipi
367 1901 504 1939 potest.
555 1895 615 1928 Ad
643 1901 789 1939 septem
820 1895 943 1939 capita
971 1902 1204 1937 revocantur,
1233 1905 1328 1938 quae
1359 1899 1602 1926 recensentur

190 1942 375 1977 versiculo
393 1957 448 1973 :-—-

240 1990 345 2034 Quis,
373 1990 474 2034 quid,
504 1989 577 2030 ubi,
604 1989 739 2034 quibus
767 1990 939 2030 auxiliis,
966 2000 1045 2029 cur,
1073 1989 1266 2033 quomodo,
1285 1988 1446 2032 quando.
1501 1985 1585 2030 [461

191 2038 290 2082 462]

240 2121 510 2153 PRINCIPIUM.
560 2119 682 2153 Actus
708 2118 897 2153 humanus
926 2119 1175 2153 moralitatem
1201 2118 1362 2152 desumit
1385 2129 1432 2151 ex
1446 2117 1493 2151 cir
1503 2127 1604 2151 cum-

190 2169 351 2201 stantiis.

240 2214 351 2248 Ratio
371 2221 426 2248 est
445 2214 531 2259 quia
550 2225 594 2247 ex
613 2213 915 2249 circumstantiis.
934 2213 1027 2247 sicut
1047 2225 1091 2247 ex
1109 2213 1191 2247 aliis
1210 2211 1418 2247 elementis.
1444 2216 1602 2255 possunt

192 2270 298 2296 actus
317 2262 528 2295 conformes
547 2268 610 2295 aut
628 2261 820 2294 difformes
839 2272 922 2295 esse
942 2261 1077 2305 regulis
1097 2272 1254 2294 morum.
1293 2258 1392 2302 [463‚
1410 2256 1507 2303 464]

242 2340 404 2384 QUAER.
418 2346 467 2373 20.
497 2340 596 2384 Quot
606 2341 978 2374 circuinstantiarum
989 2351 1130 2385 genera
1145 2341 1225 2373 sint
1235 2339 1296 2373 llic
1307 2337 1571 2383 distinguenda
1586 2337 1606 2370 ?

242 2398 362 2432 RESP.
391 2398 478 2431 Tria
498 2415 503 2431 :
535 2397 673 2432 etenim
702 2397 798 2431 aliae
829 2404 860 2431 Ι0
887 2405 972 2432 sunt
991 2397 1295 2431 circumstantiae
1315 2406 1410 2440 quae
1430 2395 1476 2429 ad
1495 2401 1601 2428 actus

193 2445 443 2479 moralitatem
457 2445 558 2478 nillil
572 2445 791 2490 emiserim&
810 2445 904 2479 aliae
921 2452 958 2478 20
976 2457 1071 2489 quae
1085 2451 1209 2477 actum
1222 2444 1356 2477 bonum
1375 2447 1443 2475 aut
1461 2442 1605 2476 malum

193 2492 379 2533 rca'duut;
414 2492 508 2526 aliae
541 2498 579 2535 30
613 2499 698 2525 sunt
733 2503 828 2536 quae
862 2499 967 2526 actus
1002 2492 1199 2526 bonitatem
1228 2494 1297 2524 aut
1327 2490 1514 2523 malitium
1544 2488 1602 2522 vel

195 2543 336 2584 augent
363 2539 420 2573 vel
453 2541 642 2572 uu'nuunt.
693 2540 750 2572 Ex
779 2540 849 2573 hoc
878 2539 987 2573 tertio
1014 2550 1150 2583 genere
1181 2537 1276 2571 aliae
1308 2543 1392 2570 sunt
1421 2536 1477 2577 (a)
1507 2546 1603 2581 quae

199 2585 296 2620 actui
316 2588 454 2620 novam
471 2588 624 2630 speciem
644 2586 822 2620 bonitatis
841 2593 903 2620 aut
923 2586 1086 2620 malitiae
1107 2585 1291 2620 tribuunt3
1312 2583 1407 2617 aliae
1429 2583 1485 2627 (b)
1505 2593 1601 2627 quae
