1716 2729
192 94 234 121 n.
260 79 348 136 29]
643 80 694 120 de
714 80 896 120 Actibus
918 81 972 120 H
970 83 1153 122 amanis.
1520 93 1600 135 179

197 198 303 237 dum
337 196 556 237 concurrit
588 202 808 248 quatenus
840 195 1077 236 honestum
1111 207 1189 243 est,
1213 211 1304 249 seu,
1327 198 1424 237 aliis
1445 199 1606 247 verbis,

196 265 370 319 quoties
391 264 601 304 honestas
619 264 751 303 medii
770 269 836 303 est
852 263 1192 305 fundamentum
1215 266 1418 306 utilitatis
1435 266 1529 320 ejus
1551 267 1607 306 ad

195 334 328 374 finem
352 332 688 385 assequendum.

257 412 349 454 500.
382 400 515 454 Quod
550 400 586 440 si
624 400 757 440 medii
794 400 1006 441 honestas
1044 415 1132 441 non
1168 402 1225 442 sit
1262 402 1604 443 fundamentum

196 470 399 511 utilitatis
421 469 476 509 ad
511 468 643 508 finem
677 469 1021 521 assequendum,
1046 470 1154 510 satis
1175 476 1300 523 patet
1322 470 1604 511 honestatem

197 538 302 591 ejus,
323 543 532 590 quatenns
553 537 749 589 praecise
770 537 959 578 medium
993 545 1070 587 est,
1094 552 1183 579 non
1206 553 1302 580 esse
1323 539 1605 581 tribuendam

198 607 358 660 agenti,
380 605 537 658 (quum
571 605 714 657 reipsa
746 618 834 646 non
867 607 923 646 sit
944 606 1100 647 directe
1129 607 1301 661 volita),
1326 607 1408 647 nisi
1432 609 1609 661 insuper

199 675 344 715 eliciat
376 680 524 714 actum
562 673 739 726 qualem
774 687 907 726 supra
939 688 977 714 n.
1001 685 1100 726 495.
1133 677 1490 725 memoravimus,
1522 691 1610 730 quo

199 743 393 783 medium
427 742 643 791 intendat,
666 755 751 781 non
787 742 929 782 solum
957 750 1005 784 ut
1038 745 1251 796 medium,
1275 746 1353 786 sed
1387 746 1522 786 etiam
1555 746 1612 786 ob

198 811 422 864 propriam
459 809 553 863 ejus
586 809 880 852 honestatem.
944 811 1047 865 Quo
1079 827 1210 854 sensu
1244 814 1307 854 ait
1345 813 1540 868 Sporer,1
1576 817 1611 855 si

200 879 377 932 aliquid,
399 879 481 919 etsi
504 878 729 918 moraliter
750 879 931 929 bonum,
954 880 1135 921 minime
1166 888 1309 922 tamen
1334 890 1500 924 attenta
1521 885 1614 937 ejus

200 947 396 993 bonz'mte,
410 947 676 999 arriperetur
698 948 894 1000 praecise
917 955 965 989 ut
988 950 1185 990 medium
1209 951 1316 991 utile
1338 952 1394 992 ad
1418 953 1612 1006 aliquem

200 1015 332 1055 finem
378 1015 562 1064 bonum,
604 1029 684 1068 vg.
729 1016 1002 1057 abstinentia
1053 1032 1079 1058 a
1135 1019 1238 1059 vino
1290 1021 1346 1061 ad
1399 1022 1614 1062 tuendam

201 1085 467 1133 castitatem,
490 1083 721 1124 fatendum
754 1085 836 1124 erit
867 1091 1017 1126 actum
1049 1087 1213 1128 habere
1236 1102 1370 1129 unam
1404 1096 1612 1130 ettotam

201 1153 449 1192 bonitatem
473 1165 531 1192 ex
555 1152 653 1202 fine,
676 1152 842 1193 nullam
866 1168 970 1194 vero
993 1169 1051 1195 ex
1076 1156 1223 1197 medio
1246 1157 1399 1198 electo.

265 1230 357 1271 501.
394 1221 626 1261 Hactenus
648 1221 704 1261 de
725 1222 869 1274 primo
891 1236 1009 1272 casu,
1029 1224 1072 1263 in
1095 1238 1184 1278 quo
1207 1231 1332 1266 actus
1355 1240 1413 1266 ex
1436 1227 1612 1280 objecto

203 1290 346 1330 bonus
368 1289 426 1329 ob
448 1289 601 1329 bonum
623 1289 757 1330 finem
781 1290 868 1331 fiat.

266 1367 357 1409 502.
392 1358 569 1399 Deinde
593 1358 657 1411 (b)
681 1359 715 1398 si
738 1359 838 1399 finis
861 1368 928 1400 est
959 1363 1114 1413 malm,
1137 1377 1221 1416 vg.
1246 1365 1280 1404 si
1314 1365 1411 1418 quis
1431 1365 1617 1418 jejunat,

204 1433 313 1475 orat,
337 1432 429 1477 etc„
452 1427 594 1466 solum
617 1427 675 1467 ob
706 1441 868 1468 vanam
891 1429 1093 1482 gloriam,
1118 1439 1244 1473 actus
1268 1434 1450 1474 omnino
1474 1435 1616 1475 malus

207 1501 288 1536 est.

267 1572 358 1615 503.
395 1562 497 1604 Hoc
539 1571 714 1606 constat
762 1569 801 1606 1⁰
841 1580 899 1607 ex
944 1567 1182 1622 Scripturis
1209 1585 1217 1621 3
1271 1585 1373 1612 nam
1418 1573 1618 1615 Christus

213 1632 364 1685 (Matt.
400 1632 454 1673 vi.
500 1633 560 1687 5),
604 1633 790 1687 loquens
832 1637 888 1676 de
932 1637 1188 1688 Pharisaeis,
1222 1640 1297 1692 qui
1340 1641 1449 1695 legis
1486 1656 1621 1696 opera

207 1700 430 1741 faciebant
452 1707 500 1741 ut
530 1702 785 1744 viderentur
815 1704 872 1744 ab
893 1704 1160 1756 hominibus,
1184 1708 1270 1748 ait:
1305 1712 1330 1731 ‘⁶
1347 1709 1496 1751 Amen
1521 1712 1621 1753 dico

208 1768 346 1818 vobis,
366 1777 627 1822 receperunt
650 1774 899 1814 mercedem
923 1772 1088 1814 suam.''
1149 1775 1358 1828 Jamvero
1380 1779 1462 1820 nisi
1484 1794 1621 1834 prava

210 1837 398 1877 intentio
428 1837 528 1878 finis
549 1839 770 1880 actionem
802 1848 945 1882 totam
967 1842 1154 1894 vitiaret,
1186 1846 1434 1898 potuissent
1457 1862 1621 1889 merce—

211 1906 314 1946 dem
350 1905 546 1959 aliquam
578 1922 604 1948 a
642 1909 742 1949 Deo
775 1917 1028 1963 expectare.
1104 1912 1227 1967 Ergo
1262 1929 1399 1968 prava
1435 1917 1622 1960 intentio

211 1972 467 2025 hujusmodi
489 1976 622 2017 efficit
645 1984 694 2018 ut
717 1978 834 2019 mala
857 1979 915 2019 sit
936 1980 1053 2021 actio
1076 1987 1183 2024 tota.

273 2050 364 2093 504.
400 2042 573 2085 Eodem
595 2052 800 2098 spectant
821 2047 907 2088 alia
927 2047 1091 2089 Christi
1112 2051 1247 2092 verba
1269 2066 1383 2106 quae
1405 2055 1448 2095 in
1464 2058 1621 2098 eodem

211 2111 371 2163 capite,
392 2126 458 2153 vv.
484 2124 552 2163 22,
587 2125 652 2167 23,
685 2115 920 2169 leguntur:
963 2118 1205 2161 “Lucerna
1237 2123 1432 2176 corporis
1463 2124 1530 2165 tui
1555 2133 1622 2167 est

213 2179 365 2220 oculus
381 2186 493 2222 tuus.
557 2182 605 2224 Si
624 2184 777 2224 oculus
799 2190 901 2225 tuus
924 2185 1056 2227 fuerit
1072 2188 1277 2241 simpleX,
1294 2196 1439 2231 totum
1463 2207 1621 2247 corpus

212 2247 408 2288 lucidum
431 2250 513 2290 erit
532 2263 541 2291 :
572 2251 608 2291 si
630 2257 780 2292 autem
803 2253 956 2294 oculus
979 2261 1081 2296 tuus
1103 2256 1233 2298 fuerit
1255 2271 1459 2311 nequam,
1476 2267 1621 2304 totum

217 2328 376 2369 corpus
415 2322 542 2358 tuum
586 2320 872 2362 tenebrosum
925 2322 1048 2365 erit.''
1111 2324 1290 2367 Etenim
1345 2341 1503 2382 corpus
1554 2331 1626 2373 hic

216 2382 438 2435 significat
471 2386 692 2428 actionem
725 2403 801 2430 seu
839 2404 966 2443 opUS,
999 2393 1154 2433 oculus
1194 2408 1297 2434 vero
1332 2396 1626 2441 intentionem

613 2536 622 2556 ¹
641 2537 775 2578 Sporer,
795 2540 905 2573 Tract.
938 2549 964 2572 1.
982 2552 1053 2584 cap.
1074 2542 1120 2575 iii.
1137 2553 1169 2574 n.
1195 2552 1245 2584 14.
