1716 2729
168 77 183 105 Ι
193 66 251 105 80
761 63 993 104 Tractatns
1393 60 1576 118 [GURY,

161 180 261 220 finis
283 180 341 220 ob
362 194 495 232 quem
519 194 656 233 agens
679 186 897 232 operatur.
963 179 1036 220 Sic
1058 185 1236 220 textum
1261 180 1577 231 interpretatur

162 263 246 302 vg.
283 249 328 290 S.
360 249 643 302 Augustinus
664 246 687 288 :l
760 248 989 290 “Oculum
1025 248 1096 288 hic
1131 248 1330 301 accipere
1361 248 1578 288 debemus

163 319 308 372 ipsam
331 318 639 367 intentionem,
663 331 752 370 qua
774 316 959 357 facimus
981 317 1225 370 quidquam
1248 315 1446 365 facimus,
1463 329 1576 368 quae

163 388 199 427 si
223 386 392 426 munda
414 385 554 434 fuerit,
573 392 617 426 et
638 392 769 434 recta,
787 391 831 426 et
853 385 960 425 illud
984 385 1201 438 aspiciens
1223 384 1343 437 quod
1361 385 1574 437 aspicien-

164 456 272 496 dum
315 461 395 504 est,
437 455 588 495 onmia
630 468 765 508 opera
807 461 970 503 nostra,
1011 468 1125 507 quae
1176 454 1420 494 secundum
1473 467 1575 493 eum

162 538 414 578 operamur,
449 537 628 563 necesse
659 529 726 563 est
758 529 806 563 ut
837 523 955 562 bona
989 522 1089 571 sint,
1113 536 1227 575 quae
1264 523 1415 563 omnia
1442 537 1578 576 opera

165 590 409 648 [Christus]
451 598 598 632 totum
641 604 801 644 corpus
853 589 1130 644 appellavit.’'
1212 590 1365 644 Atque
1417 592 1574 632 eodem

161 675 293 702 sensu
326 667 506 701 textum
541 660 838 700 communiter
869 661 1216 712 interpretantur
1249 660 1333 702 SS.
1358 660 1509 700 Patres
1533 666 1577 701 et

162 730 464 784 probatissimi
488 729 817 782 Scripturarum
842 726 1134 781 interpretes.²

223 808 316 850 505.
351 797 542 839 Constat
580 798 627 836 20
661 812 719 837 ex
751 797 935 837 ratione.
1000 797 1157 850 Neque
1189 797 1306 837 enim
1339 797 1408 838 hic
1432 798 1577 851 agitur

162 870 218 909 de
241 880 345 907 casu
369 868 411 906 in
436 879 524 919 quo
547 865 637 906 duo
660 865 895 906 eliciuntur
916 872 1054 915 actus,
1073 879 1261 918 quorum
1285 880 1396 906 unus
1419 867 1576 907 statuit

159 937 293 977 finem
334 936 676 988 assequendum,
698 935 811 976 alter
844 935 967 987 eligit
1004 936 1200 975 medium
1239 948 1328 988 quo
1364 935 1463 976 finis
1502 935 1575 976 ille

158 1006 447 1057 attingendus
470 1011 548 1044 est.
623 1003 757 1057 Quod
781 1004 815 1043 si
851 1017 918 1044 res
946 1004 1008 1044 ita
1040 1004 1128 1053 fiat,
1151 1003 1259 1043 nihil
1297 1017 1402 1044 sane
1425 1004 1574 1045 obstat

158 1075 395 1127 quominus
432 1073 575 1113 bonus
615 1074 672 1113 sit
714 1078 837 1113 actus
872 1086 961 1126 quo
995 1073 1191 1112 medium
1228 1072 1415 1125 eligitur,
1447 1073 1574 1114 dum-

159 1144 294 1182 modo
330 1142 526 1182 medium
566 1155 623 1181 ex
658 1155 705 1181 se
750 1141 917 1182 bonum
953 1142 1021 1181 sit.
1099 1140 1174 1182 Sic
1210 1154 1291 1194 v.g.
1328 1140 1470 1181 bonus
1508 1148 1575 1181 est

156 1216 282 1252 actus
326 1224 414 1263 quo
456 1210 554 1263 quis
599 1211 757 1250 statuit
800 1209 1133 1262 eleemosynam
1177 1209 1337 1263 largiri,
1368 1210 1450 1249 etsi
1489 1209 1575 1250 alio

156 1280 366 1332 deinceps
418 1285 519 1319 actu
556 1279 712 1319 statuit
764 1279 808 1319 id
850 1279 1101 1319 faciendum
1145 1292 1240 1319 esse
1287 1284 1335 1318 ut
1377 1279 1575 1319 medium

157 1348 396 1388 inducendi
431 1361 674 1401 pauperem
708 1348 764 1388 ad
802 1348 1096 1401 peccandum.
1163 1347 1251 1387 Hic
1282 1360 1386 1386 vero
1427 1347 1575 1399 agitur

157 1419 213 1458 de
236 1432 339 1458 casu
363 1418 405 1457 in
430 1430 517 1470 quo
550 1417 648 1470 quis
670 1430 759 1457 uno
783 1418 1030 1470 eodemque
1053 1423 1154 1457 actu
1178 1417 1334 1456 statuit
1364 1416 1573 1466 medium,

157 1487 277 1539 quod
311 1500 368 1526 ex
402 1500 448 1526 se
481 1486 661 1539 quidem
695 1486 862 1526 bonum
897 1492 976 1536 est,
1009 1499 1104 1526 esse
1136 1485 1237 1525 ideo
1270 1484 1573 1525 adhibendum

157 1562 205 1595 ut
243 1555 341 1594 finis
383 1554 523 1594 malus
561 1554 818 1607 attingatur.
881 1554 1091 1606 Jamvero
1127 1559 1252 1594 actus
1287 1552 1358 1592 ille
1393 1553 1574 1592 omnino

161 1623 381 1664 difformis
417 1629 482 1663 est
522 1622 684 1675 regulis
722 1636 922 1663 morum:
970 1637 1114 1675 neque
1150 1622 1268 1662 enim
1305 1621 1418 1661 ratio
1456 1627 1574 1661 recta

156 1706 311 1732 omnes
354 1691 575 1745 approbat
632 1697 757 1732 actus
799 1691 958 1744 quibus
1011 1691 1157 1731 media
1200 1704 1257 1730 ex
1299 1703 1345 1729 se
1387 1688 1574 1730 honesta

156 1761 391 1813 eliguntur,
435 1761 512 1800 sed
558 1759 656 1800 illos
706 1766 883 1800 tantum
927 1760 1086 1813 quibus
1128 1758 1276 1799 media
1316 1756 1576 1810 hujusmodi

157 1829 380 1882 eliguntur
406 1828 541 1868 modo
565 1835 711 1869 rectae
734 1829 892 1869 rationi
915 1828 1144 1868 conformi.
1207 1827 1272 1867 At
1303 1840 1408 1866 vero
1430 1832 1576 1866 rectae

156 1898 315 1939 rationi
338 1897 521 1938 omnino
545 1897 749 1937 difforme
772 1904 840 1938 est
863 1898 1059 1938 medium
1078 1898 1270 1950 aliquod,
1288 1896 1578 1950 quantumvis.

159 1968 201 2006 in
242 1981 288 2007 se
324 1967 504 2015 bonum,
542 1965 754 2006 adhibere
797 1972 845 2006 ut
887 1966 1083 2006 medium
1116 1967 1181 2006 'ad
1225 1965 1359 2006 finem
1403 1965 1568 2006 malum

158 2033 519 2089 assequendum.3
596 2035 753 2088 Quivis
791 2036 925 2089 igitur
961 2035 1217 2088 hujusmodi
1260 2041 1385 2076 actus
1428 2035 1571 2076 malus

157 2111 235 2145 est.
299 2104 401 2157 Quo
437 2118 568 2145 sensu
605 2105 667 2144 ait
702 2104 744 2146 S.
768 2104 968 2145 Thomas
984 2104 1012 2145 :4
1071 2102 1257 2156 “Quum
1295 2103 1454 2157 aliquis
1476 2105 1569 2144 vult

202 2277 211 2296 ¹
234 2278 308 2308 Lib.
323 2287 352 2308 2.
370 2278 423 2309 De
442 2278 549 2309 Serm.
576 2277 727 2315 Domini,
746 2288 817 2318 cap.
842 2286 892 2318 13.

206 2321 220 2343 2
238 2322 291 2352 De
308 2322 360 2352 his
383 2321 450 2352 vid.
470 2320 612 2362 Sylvius.
658 2321 703 2351 In
726 2329 751 2352 1.
774 2329 802 2352 2.
824 2321 859 2351 S.
884 2321 1031 2356 Hamae,
1050 2321 1186 2361 Quaest.
1208 2321 1259 2353 18.
1277 2328 1339 2353 art.
1354 2332 1386 2362 4.

208 2364 313 2395 ³Vid.
337 2365 488 2403 Billuart,
515 2365 572 2395 Tr.
589 2364 627 2395 dc
652 2365 728 2396 Act.
756 2364 941 2403 Humanis,
971 2364 1060 2395 Diss.
1084 2375 1117 2404 4.
1144 2371 1203 2395 art.
1228 2366 1270 2396 iv.
1287 2372 1368 2398 sect.
1393 2375 1428 2403 ¹;
1455 2366 1584 2403 Gonetr

168 2408 305 2449 Clypeus
328 2409 359 2440 T
354 2408 515 2450 heologicze
536 2408 758 2440 leomistz'cae.
775 2408 891 2440 Tract.
911 2416 939 2448 3.
956 2408 1006 2438 De
1020 2408 1213 2440 Moralitate
1228 2410 1304 2440 Act.
1320 2410 1579 2447 Humanorumr

164 2451 261 2492 Disp.
286 2461 320 2491 4.
339 2462 370 2482 n.
395 2461 435 2492 9;
462 2451 589 2486 Alnsia,
617 2452 673 2483 Tr.
690 2452 728 2482 de
741 2453 813 2482 Act.
839 2452 1023 2488 Humanis,
1043 2452 1133 2483 Diss.
1158 2461 1182 2483 1.
1206 2463 1280 2494 cap.
1305 2464 1337 2484 v.
1355 2458 1416 2484 art.
1440 2462 1472 2484 2.
1490 2458 1569 2485 sect.

162 2496 208 2526 iv.
227 2506 259 2526 n.
285 2504 297 2526 1
315 2505 322 2532 ;
350 2495 472 2534 Collet‚
499 2496 556 2527 Tr.
572 2495 610 2526 de
625 2497 701 2526 Act.
721 2495 907 2533 Humanis,
925 2496 1012 2536 Cap.
1028 2495 1071 2526 iv.
1089 2506 1122 2527 n.
1146 2504 1193 2536 13.

205 2538 219 2561 4
238 2539 279 2570 In
296 2547 327 2570 2.
348 2539 437 2572 Dist.
457 2539 508 2580 38.
530 2539 666 2579 Quaest.
688 2547 718 2570 1.
734 2544 795 2570 art.
810 2549 842 2578 4.
860 2539 901 2570 ad
917 2549 948 2578 4.
