1716 2729
177 104 189 132 1
203 102 257 143 54
763 92 993 134 Tractatus
1403 93 1581 148 [GURY,

170 208 276 262 quin
300 209 508 249 executio
531 210 628 263 ipsa
649 209 711 251 rei
733 209 948 250 honestae
968 209 1098 251 valde
1130 210 1352 251 conducat
1374 210 1430 251 ad
1454 210 1582 251 meri-

168 286 264 322 tum
288 280 581 334 augendum.''

225 368 322 407 410.
359 356 443 397 His
466 356 601 410 igitur
623 358 853 410 expositis,
872 358 915 397 in
938 358 1097 411 quibus
1115 372 1270 398 omnes
1284 358 1580 408 consentiunt,

169 425 372 478 quaestio
399 426 579 479 ponitur
600 439 656 466 an
680 426 798 466 actui
822 426 994 466 interno
1016 427 1150 467 etiam
1183 426 1342 480 efficaci
1370 433 1583 468 externus

169 499 295 534 actus
321 501 405 547 per
444 509 487 535 se
528 495 802 548 superaddat
838 494 1085 536 bonitatem
1120 502 1197 536 aut
1239 495 1455 536 malitiam
1482 497 1582 547 for-

169 564 327 604 malem
350 577 426 604 seu
448 564 727 617 subjectivam
746 564 767 604 ?

224 644 322 684 411.
359 634 500 676 RESP.
561 633 786 686 Negative.
852 633 932 683 Ita,
964 639 1118 674 contra
1151 634 1386 687 plerosque
1422 633 1581 675 saltem

168 701 416 752 Scotistas,l
451 704 614 744 docent
652 701 944 753 Thomistae‚2
963 704 1123 757 quibus
1161 703 1230 744 hic
1268 704 1440 744 accedit
1479 717 1582 744 con-

166 784 319 812 sensus
343 773 431 813 fere
456 772 678 813 unanimis
701 772 793 812 TT.
817 772 1003 813 aliarum
1025 770 1309 814 scholarum.3

222 851 320 892 412.
356 841 617 883 Sententiae
658 840 790 894 hujus
832 848 1144 895 argumentum
1182 841 1470 895 praecipuum
1521 840 1583 880 sic

164 917 314 965 potest
337 911 379 951 in
404 911 547 951 forma
570 909 751 963 proferri
764 910 1063 951 :—-Externus
1086 917 1212 951 actus
1245 910 1412 951 nullam
1446 923 1505 950 ex
1536 922 1583 949 se

164 979 300 1020 habet
319 979 567 1020 bonitatem
584 993 726 1032 neque
746 978 960 1020 malitiam
978 979 1225 1020 formalem.
1273 980 1394 1032 Ergo
1412 978 1582 1019 nullam

163 1054 314 1102 potest
336 1049 454 1089 actui
479 1050 654 1089 interno
676 1048 882 1088 tribuere.
947 1047 1252 1101 Consequentia
1274 1048 1382 1088 satis
1404 1052 1583 1087 constat

163 1130 222 1157 ex
255 1117 516 1158 axiomate:
552 1118 698 1158 Nemo
730 1117 808 1157 dat
840 1118 960 1170 quod
994 1131 1083 1157 non
1105 1116 1254 1157 habet.
1316 1115 1583 1156 Antecedens

163 1188 378 1242 probatur
413 1201 471 1227 ex
509 1201 561 1227 eo
598 1186 718 1240 quod
756 1187 812 1226 ad
848 1186 1160 1234 moralitatem,
1195 1185 1286 1225 sive
1328 1184 1579 1225 bonitatem

162 1257 254 1298 sive
310 1256 540 1304 malitiam,
588 1254 819 1295 formalem
865 1255 1048 1295 omnino
1094 1255 1329 1308 requiritur
1373 1253 1582 1296 libertas:

160 1325 362 1380 jamvero
405 1331 528 1367 actus
571 1330 784 1364 externus
816 1337 874 1363 eX
917 1337 962 1363 se
1005 1337 1093 1364 non
1135 1323 1272 1364 habet
1314 1322 1580 1372 libertatern,

164 1397 330 1450 quippe
345 1409 458 1448 quae
474 1395 649 1434 interno
665 1398 842 1433 tantum
860 1393 1102 1433 voluntatis
1125 1391 1244 1432 actui
1261 1392 1405 1432 inesse
1422 1388 1584 1445 possit:

162 1479 246 1518 V.g.
282 1472 496 1506 externus
531 1469 655 1504 actus
681 1462 1012 1514 eleemosynam
1051 1461 1266 1514 largiendi
1303 1460 1583 1501 voluntarius

162 1548 251 1575 non
275 1541 353 1584 est,
384 1547 528 1587 neque
551 1532 672 1581 liber,
702 1531 785 1571 nisi
820 1537 995 1570 tantum
1030 1528 1394 1577 de7207722'nat2've4,·
1434 1542 1580 1581 neque

164 1604 281 1644 enim
305 1603 580 1644 voluntarius
611 1614 692 1640 nec
715 1599 825 1640 liber
846 1599 1006 1639 dicitur
1027 1599 1110 1638 nisi
1133 1606 1352 1652 quatenus
1375 1597 1579 1652 provenit

163 1669 220 1709 ab
249 1670 423 1709 interno
446 1674 546 1709 actu
578 1667 821 1708 voluntatis
843 1666 977 1706 libere
1009 1667 1268 1719 imperantis
1302 1680 1403 1707 eum
1447 1663 1568 1706 fieri.5

219 1748 318 1788 413.
353 1737 687 1789 Argumentum
712 1735 956 1775 illustratur
977 1735 1108 1775 simul
1131 1741 1175 1775 et
1206 1735 1496 1775 confirmatur
1518 1748 1576 1775 ex

163 1806 374 1859 exemplo
393 1806 630 1846 effectuum
648 1804 734 1857 qui,
751 1804 842 1844 sive
865 1804 911 1843 in
931 1818 974 1844 se
995 1804 1087 1844 sive
1110 1805 1156 1844 in
1178 1819 1307 1844 cansa
1328 1804 1579 1854 voluntarii,

163 1889 220 1915 ex
244 1875 416 1915 actibus
431 1874 675 1914 voluntatis
697 1871 935 1926 profluunt.
950 1879 998 1913 ut
1014 1886 1094 1926 vg.
1112 1887 1250 1926 quum
1274 1875 1386 1927 quiS,
1412 1874 1577 1927 glande

161 1943 373 1997 plumbea
396 1958 453 1983 ex
477 1942 677 1994 scl'opeto
701 1942 801 1982 ideo
824 1942 996 1991 emissa,
1021 1942 1248 1983 hominem
1271 1944 1433 1984 occidit
1453 1956 1462 1993 ;
1500 1948 1577 1984 aut

161 2031 298 2070 quum
324 2017 510 2056 Missam
546 2016 616 2056 die
646 2015 758 2055 festo
793 2015 959 2055 omittit
994 2015 1138 2056 ebrius
1169 2016 1245 2068 qui
1274 2030 1321 2056 se
1355 2016 1576 2056 inebrians

206 2132 217 2152 1
235 2131 312 2162 Vid.
332 2141 397 2172 v.g.
423 2129 593 2167 Mastrius,
628 2129 672 2159 Iu
704 2128 778 2160 Lib.
815 2137 847 2159 2.
874 2128 1129 2166 Sententiarum,
1161 2128 1256 2170 Disp.
1290 2136 1318 2170 5.
1356 2128 1407 2159 De
1439 2127 1577 2158 Actibus

161 2175 347 2213 ffizmanz's,
374 2174 512 2214 Quaest.
531 2177 566 2213 5a
583 2184 592 2211 ;
611 2173 760 2213 *Sporen
784 2172 895 2203 Tract.
921 2180 948 2202 1.
973 2182 1047 2212 cap.
1071 2172 1121 2203 iii.
1138 2182 1174 2202 n.
1206 2181 1270 2212 343
1303 2172 1440 2207 Henno,
1465 2171 1520 2202 Tr.
1541 2171 1579 2202 de

161 2221 235 2251 Act.
251 2218 434 2256 Humanis,
457 2217 554 2258 Disp.
570 2224 600 2256 3.
618 2223 746 2257 quaest.
774 2215 837 2246 SVst.

206 2262 218 2280 ²
233 2263 312 2294 Vid.
336 2272 404 2303 v.g.
429 2261 552 2297 Gonet‚
577 2260 690 2291 Tract.
718 2261 771 2290 De
792 2259 982 2289 Aloralitate
1008 2259 1084 2290 Act.
1113 2260 1367 2297 Humanorum,
1396 2258 1494 2299 Disp.
1512 2261 1575 2297 7³5

162 2307 316 2342 Billuart‚
339 2306 396 2336 Tr.
419 2305 456 2335 de
470 2306 542 2335 Act.
563 2304 748 2340 Humanis,
769 2303 858 2334 Diss.
876 2302 920 2333 iv.
936 2307 1000 2334 art.
1020 2301 1052 2332 8.

204 2352 216 2369 ³⁵
234 2351 281 2382 Ut
298 2355 425 2381 eeteros
455 2353 674 2389 praeteream,
691 2347 758 2377 vid.
776 2357 844 2387 vg.
867 2356 884 2377 e
902 2345 974 2376 TT.
992 2345 1160 2377 societatis
1175 2346 1276 2387 Jesu:
1301 2346 1433 2383 Suarez,
1459 2345 1516 2375 Tr.
1539 2344 1575 2374 de

164 2395 317 2426 Bom'tate
330 2397 360 2424 et
370 2392 512 2423 Malitia
525 2393 672 2422 Asnaum
689 2390 941 2425 Humanorum,
959 2389 1060 2430 Disp.
1087 2397 1135 2420 10.
1152 2395 1231 2421 sect.
1253 2398 1272 2421 2
1288 2402 1296 2428 ;
1319 2390 1375 2421 Tr.
1391 2389 1429 2420 de
1442 2387 1570 2424 Gratia,

161 2438 238 2468 Lib.
262 2446 310 2468 12.
328 2447 400 2478 cap.
418 2435 449 2466 6.
466 2446 498 2467 n.
521 2435 550 2466 6.
571 2433 647 2475 (Ed.
669 2434 772 2465 Vives
795 2434 895 2464 Tom.
919 2440 967 2463 10.
990 2443 1067 2474 pag.
1085 2431 1159 2474 30);
1179 2434 1232 2465 De
1255 2434 1364 2474 Lugo,
1380 2433 1433 2463 De
1454 2432 1572 2463 Sacra-

161 2486 266 2512 menta
282 2480 510 2518 Poenz'tentz'ae,
532 2478 628 2519 Disp.
650 2478 698 2508 16.
716 2482 795 2509 sect.
820 2477 862 2508 ix.
879 2487 912 2507 n.
931 2482 1006 2516 447.

204 2525 215 2544 4
233 2525 312 2555 Vid.
331 2534 441 2565 supra,
465 2534 498 2554 n.
519 2530 589 2562 192,
609 2528 657 2562 50.

201 2568 214 2588 ⁵
234 2569 286 2599 De
303 2569 367 2599 hoc
383 2572 580 2608 argumento
597 2565 663 2596 vid.
681 2564 832 2600 Billuart,
857 2564 916 2595 Tr.
939 2563 976 2594 de
990 2564 1062 2594 Act.
1085 2564 1267 2600 Humanis,
1293 2562 1384 2594 Diss.
1401 2562 1447 2594 iv.
1463 2564 1523 2592 art.
1541 2558 1573 2592 8.
