1716 2729
136 123 190 163 82
727 122 766 162 T
764 126 957 161 metatus
1368 120 1548 173 [GURY,

138 239 333 279 nandam
356 251 498 278 canon
526 237 597 278 ille
626 239 772 278 editus
802 243 880 285 est,
903 236 1150 276 docuerunt
1184 241 1388 276 naturam
1411 238 1552 278 horni-

142 305 207 344 nis
240 310 334 344 tam
373 304 504 344 fuisse
541 318 619 358 per
652 304 826 358 lapsum
864 307 1232 356 protoparentum
1269 303 1472 344 vitiatam
1507 311 1556 345 ut

142 373 329 413 liberum
361 374 589 413 arbitrium
623 373 806 413 omnino
837 371 1175 423 extingueretur
1214 376 1348 422 atque
1382 372 1557 413 amitte-

146 447 276 490 retur,
298 442 411 482 adeo
443 448 491 481 ut
521 442 668 490 homo,
693 442 805 481 sicut
838 440 1035 480 calamus
1070 439 1112 479 in
1145 453 1278 480 manu
1316 441 1560 491 scribentis,

145 509 386 562 aliquando
409 523 434 549 a
465 510 564 550 Deo
594 515 859 558 moveretur,
885 508 1126 560 aliquando
1155 522 1260 548 vero
1282 523 1308 548 a
1329 510 1560 550 daemone.

149 580 352 634 Quorum
387 588 537 621 tamen
574 579 805 629 nonnulli,1
827 579 1088 632 praesertim
1126 579 1240 619 inter
1269 579 1562 629 Lutheranos,

147 651 233 691 hoc
254 651 474 691 docebant
492 653 549 691 de
571 651 622 690 iis
640 656 815 690 tantum
839 649 1010 690 actibus
1028 648 1102 700 qui
1121 649 1177 688 ad
1196 647 1561 700 justificationem

150 726 226 760 aut
261 721 316 760 ad
347 720 684 760 damnationem
713 725 979 773 spectarent,
1014 724 1309 771 agnoscentes
1335 718 1562 774 hominem

151 789 338 828 liberum
361 802 457 828 esse
479 788 521 827 in
546 788 675 827 rebus
698 787 900 828 civilibus
922 792 1057 839 atque
1079 785 1300 839 politicis.2

212 867 306 908 203.
342 856 447 896 Post
482 856 701 896 haeresim
741 856 1021 895 Novatorum
1058 855 1119 895 sic
1149 856 1424 906 damnatam,
1460 856 1567 909 Jan-

154 924 345 965 senistae
396 931 593 978 systema
635 938 762 964 suum
813 924 1140 977 excogitarunt,
1181 938 1343 965 nomen
1386 925 1565 978 quidem

155 993 280 1033 liberi
322 993 486 1034 arbitrii
526 994 778 1043 retinentes,
822 1000 870 1033 ut
901 993 963 1033 sic
1000 993 1230 1033 eluderent
1267 994 1506 1034 anathema
1543 1008 1568 1033 a

158 1061 358 1102 Concilio
401 1061 552 1111 latum,
595 1076 686 1102 rem
729 1075 833 1101 vero
875 1061 1031 1114 ipsam,
1073 1060 1192 1102 haud
1237 1063 1382 1104 minus
1433 1077 1568 1117 quam

159 1129 421 1179 Novatores,
443 1130 626 1170 omnino
649 1145 672 1170 e
695 1130 844 1170 medio
867 1129 1126 1172 auferentes,
1177 1131 1429 1185 Fingebant
1451 1123 1589 1173 enim*

159 1197 283 1247 duas,
305 1211 415 1250 quas
432 1198 666 1248 vocabant,
689 1198 984 1239 delectationes
1005 1199 1186 1240 relative
1217 1200 1418 1251 victrices,
1440 1202 1571 1243 alter-

160 1279 232 1306 am
254 1267 461 1307 coelestem
480 1281 556 1307 seu
580 1267 925 1308 delectationem
942 1267 1129 1320 gratiae,
1150 1267 1335 1308 alteram
1359 1276 1571 1310 terrenam

160 1349 237 1375 seu
271 1335 615 1376 delectationem
649 1336 1014 1388 concupiscentiae,
1048 1350 1162 1389 quae
1185 1337 1228 1377 in
1262 1337 1489 1379 hominem
1512 1339 1574 1380 ita

162 1403 409 1454 influerent,
432 1412 480 1444 ut
517 1405 765 1446 necessario
800 1418 900 1445 eum
930 1405 1163 1458 adigerent
1200 1412 1277 1447 aut
1313 1408 1369 1448 ad
1406 1407 1573 1449 malum

163 1478 240 1512 aut
266 1474 323 1513 ad
357 1473 537 1522 bonum,
560 1480 692 1527 prout
721 1474 961 1515 delectatio
991 1473 1100 1514 haec
1135 1473 1204 1530 vel
1239 1475 1314 1516 illa
1350 1477 1576 1530 potentior

163 1540 369 1593 urgeret.3
429 1542 503 1584 Sic
541 1542 677 1583 homo
714 1542 1059 1583 constitueretur
1086 1542 1202 1582 *liber
1237 1544 1417 1596 quidem
1455 1558 1481 1584 a
1512 1558 1574 1584 co-

164 1611 338 1660 actione,
364 1625 440 1651 seu
463 1611 519 1651 ab
543 1611 663 1651 omni
687 1611 727 1650 vi
758 1610 1033 1650 extrinsecus
1058 1610 1181 1651 illata
1209 1617 1343 1664 atque
1365 1612 1422 1652 ad
1442 1626 1574 1666 agen-

164 1679 271 1718 dum
295 1687 372 1720 aut
394 1680 449 1719 ad
471 1693 558 1719 non
576 1679 800 1731 agendum
819 1679 1145 1719 determinante
1163 1686 1317 1720 contra
1332 1681 1576 1722 voluntatis

167 1746 526 1797 inclinationem;
581 1747 764 1786 omnino
817 1752 966 1787 autem
1021 1747 1271 1800 subjaceret
1327 1749 1577 1800 necessitati,

165 1829 303 1868 quum
328 1815 547 1867 ejusmodi
570 1821 718 1855 essent
741 1814 1061 1856 delectationes
1086 1816 1207 1866 istae,
1229 1823 1289 1866 ut,
1314 1824 1445 1870 prout
1466 1818 1576 1859 haec

167 1883 236 1924 vel
259 1883 333 1923 illa
355 1890 471 1924 esset
504 1884 739 1937 potentior,
763 1896 851 1923 non
881 1890 1034 1937 posset
1058 1883 1194 1924 homo
1215 1884 1329 1926 hanc
1351 1886 1420 1926 vel
1453 1886 1575 1927 illam

169 1961 341 2006 partem
365 1966 452 1992 non
474 1948 976 2006 amplecti.4—Insuper,
994 1954 1205 2005 quoniam
1229 1967 1316 1994 non
1335 1956 1576 2008 negabant,

171 2021 214 2061 id
237 2022 356 2074 quod
375 2034 586 2074 expresse
609 2020 810 2062 definivit
827 2021 1171 2072 Tridentinum,5
1187 2022 1426 2075 hominem,
1443 2025 1577 2065 etiarn

173 2089 215 2128 in
250 2089 335 2129 hoc
368 2094 487 2129 statu
523 2095 706 2129 naturae
743 2089 905 2142 lapsae,
938 2090 1082 2143 reipsa
1122 2092 1289 2142 mereri,
1317 2093 1431 2143 ideo,
1460 2093 1580 2134 velut

177 2158 457 2198 corollarium
509 2157 739 2198 doctrinae
792 2158 1007 2199 hactenus
1065 2160 1311 2212 expositae,
1359 2161 1583 2202 docebant

225 2330 234 2349 ¹
249 2330 327 2361 Vid.
345 2330 577 2368 Bellarminus,
602 2331 856 2367 Controversiae,
870 2330 923 2362 De
940 2330 1058 2362 Gratia
1075 2336 1107 2362 et
1125 2331 1248 2363 Libero
1264 2332 1426 2372 Arbitrio,
1448 2333 1524 2364 Lib.
1544 2335 1587 2363 iv.

175 2384 239 2415 cap
270 2381 287 2415 5

223 2418 302 2449 2112
319 2417 494 2449 Confessio
512 2417 720 2457 Augustana,
740 2419 803 2448 Art
824 2416 874 2448 18.
923 2417 1003 2448 Vid.
1023 2417 1181 2448 Bellarm.
1200 2418 1282 2450 ibid.

221 2461 234 2479 ³
250 2461 277 2491 V
280 2462 326 2492 id.
354 2461 508 2496 Perrone,
525 2461 755 2491 l'melecltones
778 2461 989 2502 Theologicae,
1014 2461 1070 2492 Tr.
1089 2461 1126 2491 de
1141 2462 1269 2499 Gratia,
1282 2473 1316 2495 n.
1336 2470 1420 2504 2593
1441 2463 1588 2505 Murray,

189 2505 298 2538 Tract.
316 2505 355 2534 de
372 2505 502 2541 Gratia,
523 2503 621 2544 Disp.
639 2505 694 2534 vii.
711 2515 743 2534 n.
768 2512 819 2535 12.

223 2548 235 2567 ⁴
248 2548 326 2579 Vid.
343 2559 410 2589 v.g.
429 2548 575 2588 Murray,
598 2547 705 2578 Tract.
725 2550 761 2578 de
783 2548 910 2581 Gratia.
927 2548 1023 2589 Disp.
1041 2548 1097 2579 vii.
1115 2559 1146 2579 n.
1171 2557 1221 2580 12.

224 2592 236 2610 ὖ
251 2593 336 2623 Ser-s.
356 2591 388 2621 6.
410 2589 460 2622 De
473 2591 720 2631 Justificationc,
739 2601 810 2632 cap.
831 2591 916 2629 xvi.;
937 2597 968 2623 et
985 2602 1058 2623 can.
1078 2591 1130 2628 26,
1144 2600 1197 2632 32.
