1716 2729
58 83 97 111 n.
119 69 179 122 9.]
509 70 561 109 de
579 68 760 109 Actibus
780 68 1016 108 Humanis.
1394 69 1448 122 63

114 185 201 236 167.
235 184 346 226 “De
385 184 581 225 secundo
617 184 751 223 modo
786 183 1015 224 occidendi
1049 182 1340 233 innocentem,
1384 185 1449 225 in-

51 251 212 302 directe,
250 259 294 293 et
330 258 505 306 praeter
539 251 841 300 intentionem,
879 251 1068 299 omnes‚''
1103 252 1165 290 ait
1203 253 1271 292 De
1307 255 1448 308 LugO,

51 321 356 361 “conveniunt
395 320 438 360 id
480 318 719 371 aliquando
755 333 813 359 ex
845 332 977 359 causa
1013 319 1271 371 gravissima
1307 321 1447 362 licere.

54 389 325 442 Exemplum
348 399 582 427 commune
596 392 663 426 est
680 387 858 439 quando
877 387 918 426 in
937 386 1053 426 bello
1076 387 1131 427 ad
1164 387 1449 429 obtinendam

52 457 280 498 victoriam
314 462 357 496 et
378 455 701 508 expugnandos
739 455 901 505 hostes,
936 468 1113 495 necesse
1161 462 1227 495 est
1265 457 1452 510 dirigere

52 531 320 566 tormentum
343 524 386 563 in
408 536 553 563 arcem
577 525 618 562 in
643 537 729 576 qua
751 523 1008 564 innocentes
1040 523 1173 576 aliqui
1197 524 1326 564 simul
1352 539 1452 565 cum

56 592 317 632 nocentibus
339 591 479 644 perire
503 591 689 631 debent:
722 591 766 631 in
798 604 885 644 quo
923 605 1024 633 casu
1057 592 1101 631 id
1134 591 1263 632 licere
1295 606 1449 633 conce-

55 662 165 701 dunt
187 673 352 700 omnes.

119 728 212 769 168.
245 727 532 769 “Difficultas
566 734 631 768 est
667 729 710 767 in
748 728 1015 781 applicanda
1052 729 1203 781 regula
1235 729 1292 769 ad
1324 743 1450 770 casus

54 796 353 850 particulares„
416 796 474 836 Et
497 796 710 848 imprimis
733 796 882 847 quaeri
905 795 1028 844 solet,
1060 797 1239 848 quando
1265 797 1452 849 injustus

52 864 237 910 invasor,
254 877 384 916 quem
399 870 446 904 tu
462 877 561 904 cum
578 863 879 903 moderamine
898 863 1148 916 inculpatae
1163 864 1329 905 tutelae
1343 867 1454 907 occi-

55 932 160 972 dere
191 932 436 980 contendis,
468 937 516 972 ut
547 938 593 971 te
624 930 847 980 defendas,
879 932 1073 985 protegit
1105 946 1151 972 se
1183 935 1453 985 opponendo

55 999 136 1038 tibi
172 998 386 1039 infantem
427 1000 720 1047 innocentem,
755 1012 809 1039 ne
850 1013 875 1039 a
916 1005 960 1039 te
1002 1000 1169 1052 percuti
1205 1001 1355 1052 possit,
1393 1016 1447 1042 an

55 1066 196 1116 liceat,
219 1066 254 1106 si
277 1066 402 1107 aliter
430 1080 530 1107 eum
563 1080 650 1107 non
682 1072 809 1119 potes
847 1066 984 1116 ferire,
1021 1081 1098 1119 per
1133 1068 1278 1120 ipsum
1317 1070 1451 1110 etiam

56 1134 268 1175 infantem
310 1136 564 1189 oppositum
607 1148 707 1175 eum
759 1137 941 1188 petere?
1022 1136 1197 1190 Negare
1248 1137 1453 1178 videntur

55 1202 196 1255 aliqui.
262 1202 353 1242 Alii
376 1203 669 1243 communiter
691 1209 734 1243 et
755 1205 897 1244 verius
929 1204 1156 1244 affirmant.
1221 1204 1354 1245 Ratio
1385 1213 1452 1246 est

55 1270 159 1322 quia
195 1271 307 1310 sicut
342 1270 457 1311 actio
495 1270 588 1323 ejus
620 1272 694 1323 qui
727 1272 945 1312 comburit
977 1273 1232 1312 innocentes
1264 1273 1307 1312 in
1344 1275 1452 1314 turri

55 1338 185 1377 simul
227 1351 328 1378 cum
369 1339 628 1378 nocentibus
670 1339 789 1378 licita
840 1345 917 1386 est,
963 1339 1066 1391 quia
1108 1353 1165 1379 ex
1207 1340 1452 1382 intentione

56 1405 227 1458 agentis
265 1406 406 1445 solum
444 1407 587 1446 tendit
629 1407 685 1446 ad
728 1406 1050 1446 comburendos
1092 1414 1311 1456 nocenteS,
1350 1409 1451 1450 licet

55 1474 125 1513 hic.
161 1479 205 1513 et
246 1487 361 1513 nunc
398 1487 485 1514 non
525 1474 664 1526 possit
701 1475 950 1515 combustio
991 1475 1148 1516 horum
1191 1477 1384 1528 separari
1425 1493 1450 1518 a

55 1542 360 1582 combustione
374 1541 547 1582 illorum
570 1556 578 1591 ;
609 1542 670 1583 sic
692 1543 808 1583 actio
825 1557 912 1596 qua
928 1544 1062 1584 homo
1076 1545 1187 1597 petit
1203 1545 1449 1587 invasorem

54 1608 280 1661 injustum,
332 1624 390 1650 ex
441 1611 687 1651 intentione
747 1613 918 1665 agentis
981 1613 1123 1652 solum
1188 1615 1330 1655 tendit
1394 1617 1450 1656 ad

54 1680 300 1720 feriendum
334 1679 470 1728 illum,
503 1679 606 1720 licet
637 1679 707 1719 hic
740 1686 784 1720 et
815 1694 930 1721 nunc
963 1694 1049 1721 non
1083 1682 1221 1734 possit
1244 1682 1355 1723 ictus
1377 1684 1452 1724 ille

56 1761 142 1788 non
187 1747 359 1787 laedere
401 1748 531 1787 simul
572 1748 854 1788 innocentem
897 1749 1219 1799 intermedium,
1271 1758 1453 1804 propter

55 1815 241 1856 localem
294 1815 653 1868 conjunctionem
707 1816 962 1869 utriusque5
1015 1831 1120 1870 ergo
1171 1818 1283 1858 sicut
1333 1833 1430 1859 com

57 1884 205 1924 bustio
234 1884 308 1924 illa
340 1884 461 1924 licita
509 1891 589 1934 est,
631 1885 692 1926 sic
738 1891 784 1925 et
831 1885 942 1925 ictus
994 1885 1101 1935 iste;
1153 1886 1290 1926 utitur
1335 1887 1451 1927 enim

51 1952 149 2003 jure
199 1965 278 1992 suo
331 1952 530 2005 gladium
583 1954 777 2006 dirigens
825 1955 881 1995 ad
929 1960 1162 1994 nocentem
1210 1969 1287 2008 per
1335 1956 1452 1995 viam

57 2018 176 2059 illam
227 2025 422 2070 rectam;
471 2035 550 2075 per
590 2023 794 2063 accidens
831 2028 980 2063 autem
1023 2028 1088 2062 est
1130 2024 1249 2076 quod
1294 2024 1338 2062 in
1380 2022 1455 2062 illo

55 2088 200 2140 spatio
233 2088 494 2130 intermedio
532 2091 726 2132 inveniat
760 2092 894 2132 etiam
939 2092 1234 2141 innocentem,
1276 2097 1456 2146 propter

56 2169 189 2208 quem
244 2155 288 2196 in
342 2158 419 2197 tali
471 2160 733 2200 necessitate
788 2173 875 2200 non
929 2160 1064 2200 debes
1118 2161 1337 2201 abstinere
1399 2159 1455 2200 ab

55 2224 241 2273 actione,
284 2238 397 2278 quae
431 2227 487 2267 de
527 2241 574 2267 se
617 2227 846 2268 ordinatur
875 2228 1019 2268 solum
1052 2228 1107 2268 ad
1151 2234 1273 2268 tuam
1306 2228 1456 2268 defen-

58 2291 290 2334 sionem.''l

120 2361 210 2416 169.
243 2362 396 2416 Atque
433 2365 590 2405 eodem
630 2365 764 2406 modo
812 2365 989 2406 resolvit
1025 2365 1158 2405 alium
1197 2377 1346 2405 casum
1379 2364 1454 2404 ali-

310 2509 380 2540 ¹De
393 2510 538 2550 Justitia
555 2516 584 2542 et
598 2511 699 2552 Jure,
720 2512 809 2544 Diss.
830 2520 881 2543 10.
899 2518 977 2545 sect.
994 2524 1023 2545 v.
1045 2524 1076 2543 n.
1098 2520 1168 2553 123.
