1716 2729
119 110 162 137 n.
188 108 210 136 2
219 97 269 151 5.]
565 99 616 139 de
634 97 818 138 Actibus
839 96 1076 137 Humanis,
1444 106 1457 134 Ι
1470 102 1489 145 5
1499 105 1521 145 3

104 211 366 254 'intensione
407 221 451 254 et
481 213 772 261 vehementia,
808 213 941 265 idque
972 218 1152 264 propter
1183 211 1525 251 delectationem

116 280 185 320 vel
208 281 512 322 difficultatem
537 295 650 334 quae
672 281 714 320 in
738 286 838 321 actu
862 286 1049 319 externo
1078 279 1292 330 reperitur
1314 293 1322 329 3
1359 283 1527 331 quanto

114 356 264 391 autem
283 351 460 391 moralis
482 357 606 391 actus
628 350 870 390 voluntatis
893 355 959 388 est
991 347 1204 387 intensior
1226 353 1268 388 et
1289 348 1525 388 vehemen-

115 418 210 467 tior,
244 424 369 459 tanto
406 425 472 459 est
505 419 659 459 melior
694 417 762 457 vel
795 417 929 470 pejor.
994 416 1180 468 Insuper
1215 415 1275 468 (b)
1315 416 1388 468 qui
1430 415 1525 456 vult

116 485 257 526 facere
296 486 478 539 aliquod
521 500 632 539 opus
673 492 717 526 et
760 485 901 539 reipsa
944 484 1060 533 facit,
1103 483 1334 524 continuat
1372 490 1522 524 actum

114 554 355 596 voluntatis
397 568 628 607 quousque
670 567 781 607 opus
833 551 1076 606 perfecerit,
1118 551 1307 604 ideoque
1358 553 1523 592 diutius

114 636 248 675 quam
283 622 392 662 alius
429 624 502 675 qui
541 622 672 663 simul
707 622 957 662 resolvisset
994 619 1136 660 facere
1179 620 1296 660 idem
1335 633 1446 673 opus
1479 627 1523 661 et

113 697 293 744 propter
314 691 492 744 aliquod
516 692 886 744 impedimentum
911 704 1000 730 non
1023 689 1226 739 fecisset3
1259 703 1348 742 quo
1371 695 1522 730 autem

111 765 235 800 actus
267 759 508 800 voluntatis
545 765 612 800 est
649 760 909 808 diuturnior,
931 773 983 799 eo
1006 764 1072 798 est
1106 757 1263 798 melior
1284 757 1353 797 vel
1388 757 1520 811 pejor.

111 827 265 882 Atque
307 830 366 882 (c)
411 843 543 882 saepe
584 829 803 881 contingit
855 834 903 868 ut
944 827 1079 867 horno
1121 827 1354 867 occasione
1397 833 1522 867 actus

107 897 283 936 externi
307 903 478 950 repetat
499 911 575 937 seu
601 903 781 937 renovet
803 903 952 937 actum
972 896 1207 943 internum,
1232 908 1364 948 quem
1390 896 1522 936 toties

108 979 196 1005 non
219 972 472 1006 renovasset
495 967 529 1006 si
553 973 701 1007 actum
725 973 961 1006 externum
985 977 1074 1011 non
1098 963 1284 1004 fecisset.

165 1035 262 1084 408.
296 1034 455 1073 “Hinc
478 1040 545 1074 est
578 1034 698 1087 quod
732 1034 989 1086 regulariter
1020 1032 1092 1072 ille
1125 1031 1223 1085 plus
1258 1032 1364 1072 boni
1387 1032 1520 1073 faciat

106 1101 295 1156 plusque
319 1109 552 1152 mereatur,
574 1109 650 1143 aut
673 1103 849 1155 gravius
873 1108 1024 1154 peccet
1048 1107 1091 1140 et
1109 1100 1207 1152 plus
1230 1101 1522 1151 demereatur,

107 1172 182 1223 qui
220 1173 362 1226 reipsa
404 1173 535 1212 faciat
578 1178 726 1213 actum
769 1179 1017 1219 externum,
1055 1184 1190 1223 quam
1234 1170 1308 1222 qui
1343 1176 1519 1210 tantum

95 1239 241 1280 habet
282 1241 558 1281 voluntatem
602 1241 824 1281 efficacem
861 1240 1061 1280 faciendi.
1140 1238 1229 1279 Sed
1268 1238 1374 1278 illud
1414 1252 1520 1291 aug-

105 1313 306 1347 mentum
339 1309 552 1348 bonitatis
575 1309 643 1348 vel
682 1308 888 1357 malitiae,
921 1307 1063 1347 meriti
1086 1306 1155 1347 vel
1193 1307 1407 1355 demeriti,
1431 1320 1520 1347 non

105 1377 307 1426 provenit
329 1390 387 1416 ex
411 1376 560 1429 aliquo
577 1378 698 1430 quod
722 1384 788 1417 est
811 1378 855 1417 in
878 1377 975 1430 ipso
1008 1382 1108 1416 actu
1143 1382 1346 1424 externO,
1366 1388 1518 1415 verum

104 1456 162 1482 ex
185 1443 335 1497 aliquo
358 1444 444 1484 alio
467 1446 586 1498 quod
611 1445 704 1498 ejus
727 1446 959 1486 occasione
982 1444 1246 1497 supervenit,
1270 1443 1436 1484 scilicet
1460 1457 1518 1483 ex

102 1514 270 1566 majore
312 1515 563 1555 intensione
600 1515 669 1555 vel
704 1516 938 1556 duratione
979 1519 1103 1554 actus
1142 1512 1301 1553 interni
1339 1519 1416 1554 aut
1458 1527 1517 1554 ex

101 1583 302 1636 ejusdem
326 1583 589 1635 repetitione
611 1590 654 1623 et
688 1579 1108 1636 multiplicationes*

164 1663 260 1704 409.
302 1650 430 1704 Quae
481 1652 661 1704 quidem
707 1651 916 1705 exemplo
958 1652 1018 1691 sic
1062 1650 1286 1704 praeclare
1328 1649 1519 1690 illustrat

106 1720 299 1773 Arriaga
320 1718 426 1760 :2—-“
444 1719 592 1760 Facile
614 1726 680 1760 est
702 1721 745 1760 in
768 1720 970 1760 absentia
992 1720 1149 1768 dicere,
1171 1722 1179 1738 ⁴
1200 1719 1299 1772 Ego
1332 1718 1519 1758 libenter

105 1788 305 1829 tolerabo
340 1801 418 1840 pro
454 1787 630 1829 Christo
668 1790 943 1842 martyrium,
966 1789 1127 1842 ignem,
1165 1795 1297 1836 rotas,
1318 1788 1516 1839 verbera,

105 1856 305 1909 glaciem,
349 1859 472 1906 etc.';
524 1863 569 1897 at
612 1871 750 1910 quum
793 1858 969 1898 venitur
1010 1858 1065 1898 ad
1119 1872 1211 1897 rem
1264 1858 1418 1910 ipsam,
1472 1863 1517 1898 et

105 1924 341 1965 vehemens
364 1924 484 1965 calor
505 1925 604 1973 urit,
626 1932 702 1966 aut
726 1925 860 1979 frigus
884 1931 1077 1978 torquet,
1099 1932 1175 1966 aut
1207 1926 1518 1977 discerpuntur

106 1995 317 2043 membra,
338 1994 424 2034 alia
456 2009 562 2035 sane
599 2002 816 2048 apparent
853 2009 905 2035 ea
938 2002 1160 2036 tormenta
1197 2009 1332 2049 quam
1371 1994 1515 2047 primo

104 2062 276 2103 fuerant
298 2070 653 2116 repraesentata3
688 2064 878 2117 ideoque
900 2070 1076 2105 constat
1108 2064 1407 2111 intensiorem,
1429 2063 1515 2102 sor-

103 2132 275 2180 tiorem,
299 2138 343 2172 et
364 2140 687 2186 consequenter
707 2133 838 2185 longe
872 2133 1013 2185 magis
1046 2133 1329 2181 meritoriam,
1355 2131 1514 2184 requiri

103 2199 381 2240 voluntatem
424 2201 479 2240 ad
523 2215 575 2241 ea
615 2208 840 2241 tormenta
876 2202 1201 2254 aequanimiter
1242 2199 1515 2253 perferenda,

102 2283 237 2323 quam
261 2269 390 2309 fuerit
410 2270 631 2311 sufficiens
653 2272 695 2310 in
733 2271 868 2312 choro
892 2278 968 2312 aut
990 2271 1032 2311 in
1068 2271 1179 2312 cella
1202 2284 1349 2311 coram
1377 2270 1513 2310 cruci-

101 2337 195 2378 fixo
229 2339 285 2378 ad
322 2339 511 2392 priorem
553 2340 812 2381 volitionem
849 2354 925 2380 seu
964 2341 1252 2394 propositum.
1319 2338 1419 2379 Hoc
1453 2352 1512 2378 ex

100 2410 300 2450 terminis
334 2411 508 2452 videtur
544 2418 713 2462 notum,
747 2418 791 2452 et
824 2412 908 2452 hoc
930 2413 1076 2466 capite
1101 2425 1185 2451 non
1222 2417 1288 2451 est
1325 2410 1511 2450 dubium

146 2528 155 2548 ¹
174 2527 287 2565 Perin,
314 2529 370 2559 Tr.
395 2529 432 2559 de
446 2530 521 2560 Act.
541 2530 726 2562 Humana.
741 2531 878 2571 Quaest.
898 2540 930 2570 4.
951 2537 1011 2562 art.
1029 2531 1078 2562 iv.
1097 2530 1110 2571 x}
1130 2539 1161 2560 2.

144 2571 158 2592 2
174 2573 217 2602 ln
239 2580 267 2603 1.
283 2580 315 2602 2.
333 2573 368 2603 S.
393 2572 542 2612 Thomae,
568 2573 624 2604 Tr.
643 2574 680 2605 de
696 2575 769 2605 Act.
788 2574 971 2610 Humanis,
991 2574 1087 2615 Disp.
1113 2574 1161 2605 16.
1183 2578 1261 2604 sect.
1279 2573 1321 2603 iv.
1338 2584 1369 2604 n.
1389 2580 1442 2612 24.
