1716 2729
147 100 163 130 1
172 91 227 130 62
724 93 957 136 Tractatus
1373 96 1466 147 [GU
1473 106 1551 147 RY,

136 219 448 261 quaecumque
469 214 572 250 sunt
594 209 681 251 alia
712 210 935 263 adjuncta,
969 210 1135 252 furtum
1167 212 1431 266 appellatur.
1494 213 1554 254 Et

137 276 240 317 ideo
260 276 613 320 circumstantiae
632 279 734 321 furti
758 280 1041 334 appellantur
1063 282 1215 322 omnia
1245 296 1297 323 ea
1328 283 1552 336 adjuncta,

136 359 219 399 vg.
255 346 350 397 loci,
384 351 610 403 temporis,
646 351 807 392 valoris
844 351 905 391 rei
940 351 1132 400 ablatae,
1168 358 1266 403 etc.‚
1303 359 1398 403 etc.‚
1440 367 1556 407 quae

135 417 422 467 quantumvis
458 424 698 469 mutantur,
737 425 862 460 actus
904 433 992 460 non
1037 421 1138 462 ideo
1180 422 1344 462 desinit
1386 421 1553 463 furtum

136 490 363 544 appellari.

194 562 292 614 436.
318 562 393 602 Ex
415 563 545 604 dictis
569 569 696 616 patet
718 563 810 604 fieri
833 578 964 618 posse
989 571 1035 606 ut
1059 579 1111 607 ea
1134 580 1249 620 quae
1272 566 1360 607 sint
1377 572 1552 607 tantum

133 633 486 674 circumstantiae
514 641 640 675 actus
672 635 755 675 sub
787 649 876 676 una
898 636 1067 677 ratione
1089 638 1278 690 spectati
1300 637 1555 690 pertineant

135 701 193 742 ad
216 701 311 755 ejus
343 703 636 745 substantiam
669 705 705 745 si
739 704 827 745 alio
865 706 1000 746 modo
1037 706 1308 761 inspiciatur.
1372 707 1447 749 Sic
1467 721 1553 760 vg.

136 774 193 815 ad
215 776 509 817 substantiam
529 777 659 830 farti
677 778 787 818 nihil
810 778 943 820 refert
967 786 1117 821 utrum
1141 795 1267 822 sacra
1288 795 1344 822 an
1367 781 1556 835 profana

135 844 191 885 sit
215 859 281 886 res
303 847 469 888 ablata.
532 847 759 902 Quoniam
782 863 887 890 vero
909 850 1091 903 speciali
1127 853 1306 892 nomine
1336 851 1559 905 sacrilegii

135 915 350 969 appellari
391 917 505 958 solet
557 918 722 959 furtum
775 919 835 959 rei
887 933 1050 968 sacrae,
1092 920 1193 961 ideo
1245 935 1336 962 rem
1386 935 1558 962 sacram

133 985 310 1036 auferri,
333 988 452 1040 quod
475 993 652 1028 tantum
677 993 744 1028 est
768 989 900 1040 furti
920 989 1263 1040 circumstantia,
1287 989 1480 1044 pertinet
1500 990 1557 1031 ad

134 1054 427 1095 substantiam
447 1056 677 1109 sacrilegii.

193 1134 290 1176 437.
327 1124 428 1164 Hoc
472 1126 607 1166 modo
649 1139 782 1179 saepe
825 1125 874 1165 fit
917 1132 965 1167 ut
1011 1140 1063 1167 ea
1107 1141 1221 1180 quae
1255 1128 1345 1168 sint
1381 1133 1558 1168 tantum

135 1195 495 1238 circumstantiae
531 1198 718 1239 actionis
751 1197 925 1250 physice
966 1205 1197 1252 spectatae
1238 1200 1461 1253 pertineat
1502 1199 1559 1240 ad

135 1263 230 1317 ejus
272 1265 570 1307 substantiam
614 1267 650 1307 si
692 1267 952 1320 inspiciatur
997 1272 1046 1308 ut
1090 1274 1215 1308 actus
1253 1269 1444 1318 moralis,
1482 1281 1558 1308 seu

137 1340 355 1387 quatenus
394 1341 461 1375 est
501 1342 626 1377 actus
658 1337 833 1377 virtutis
866 1342 943 1377 aut
977 1336 1084 1376 vitii.
1151 1336 1225 1378 Sic
1258 1350 1344 1390 vg.
1383 1337 1418 1377 si
1460 1337 1559 1390 quis

136 1418 290 1445 carnes
312 1405 555 1446 manducat
580 1405 687 1447 feria
709 1412 851 1456 sexta,
874 1406 1213 1447 circumstantia
1246 1405 1446 1458 temporis
1469 1418 1558 1446 non

138 1473 330 1526 pertinet
372 1475 428 1514 ad
471 1475 770 1516 substantiam
813 1474 1000 1516 actionis
1055 1474 1357 1515 manducandi
1402 1487 1560 1524 carnes,

136 1551 289 1586 tamen
322 1546 513 1598 pertinet
551 1546 608 1586 ad
651 1546 948 1586 substantiam
984 1546 1175 1586 actionis
1208 1544 1564 1597 transgredzendz‘

126 1624 398 1671 praeceptum
419 1619 705 1660 abstinentiae
720 1633 739 1667 ‚·
769 1619 963 1672 idipsum
1001 1618 1193 1659 illustrat
1224 1617 1560 1659 circumstantia

136 1687 410 1738 quantitatis,
443 1700 571 1740 quae,
595 1700 734 1740 quum
757 1686 856 1739 quis
889 1700 936 1727 se
968 1686 1174 1735 inebriat,
1198 1685 1331 1727 efficit
1362 1692 1411 1727 ut
1433 1692 1560 1727 actus

136 1757 308 1799 bibendi
321 1759 377 1799 sit
393 1765 517 1799 actus
536 1758 912 1811 intemperantiae,-
931 1758 1269 1800 circumstantia
1286 1772 1374 1799 rein
1388 1771 1560 1799 sacram

138 1826 316 1867 emendi
348 1832 424 1867 aut
455 1826 691 1874 vendendi,
728 1840 842 1879 quae
874 1825 1009 1866 efficit
1042 1832 1091 1869 ut
1124 1832 1250 1867 actus
1286 1826 1454 1867 emendi
1482 1832 1560 1867 aut

137 1894 352 1936 vendendi
393 1895 450 1935 sit
491 1901 616 1935 actus
656 1895 868 1936 simoniae
882 1909 902 1942 ,·
949 1895 1286 1936 circumstantia
1327 1895 1407 1936 loci
1443 1896 1562 1936 sacri

135 1963 335 2012 adeundi,
374 1977 487 2017 quae
521 1963 694 2004 efficere
730 1970 880 2017 potest
916 1970 964 2004 ut
1003 1970 1129 2005 actus
1168 1963 1340 2004 itineris
1358 1964 1563 2016 faciendi

137 2034 194 2074 sit
217 2034 302 2087 pia,
325 2047 460 2087 quam
482 2034 965 2087 vocant,pe7‘egrinatio
982 2050 1002 2083 ,·
1036 2040 1080 2075 et
1103 2033 1190 2074 alia
1212 2034 1478 2087 hujusmodi.

195 2104 297 2154 438.
330 2102 677 2143 Circumstantia
717 2109 841 2144 actus
885 2101 1071 2156 physice
1116 2103 1306 2155 spectati
1349 2116 1464 2155 quae
1495 2104 1558 2144 sic

140 2173 333 2226 pertinet
356 2173 411 2213 ad
434 2171 528 2224 ejus
551 2172 848 2213 substantiam
872 2186 1010 2226 quum
1037 2178 1264 2225 spectatur
1278 2178 1325 2212 ut
1344 2171 1557 2213 honestus

138 2250 215 2285 aut
237 2244 510 2293 inhonestus,
542 2257 568 2283 a
592 2243 684 2283 TT.
709 2244 795 2284 dici
828 2244 943 2284 solet
978 2244 1151 2297 ingredi
1181 2244 1393 2284 rationem
1414 2244 1561 2297 objecti

140 2310 351 2353 moralis}

197 2392 295 2434 439.
329 2380 600 2434 Quanquam
652 2381 829 2433 saepius
882 2394 971 2421 uno
1025 2381 1274 2434 eodemque
1315 2380 1558 2422 voluntatis

140 2457 241 2491 actu
295 2450 736 2504 comprehenduntur
778 2463 829 2489 ea
879 2450 936 2490 de
989 2449 1149 2502 quibus
1201 2450 1271 2490 hic
1322 2449 1556 2503 loquimur,

183 2573 196 2595 1
211 2574 289 2606 Vid.
307 2584 373 2618 vg.
392 2574 546 2612 Billuart,
574 2573 629 2605 Tr.
649 2573 686 2604 de
701 2573 775 2604 Act.
799 2572 990 2609 Humanis,
1010 2572 1108 2613 Disp.
1129 2581 1160 2611 4.
1178 2577 1240 2603 art.
1257 2571 1304 2602 iii.
1328 2577 1408 2603 sect.
1437 2579 1468 2602 2.
