1716 2729
95 78 170 106 nn.
196 75 262 114 22,
281 67 362 115 23.]
539 63 589 102 de
607 62 789 102 Actibus
810 61 1047 103 Humanis.
1439 75 1516 115 143

98 180 260 229 divina,
304 180 390 220 alia
431 185 577 219 essent
618 178 805 217 honesta
847 192 923 218 seu
967 178 1194 220 moraliter
1245 179 1377 230 bona,
1419 193 1505 232 vg.

99 250 247 290 Deum
286 248 439 298 colere,
476 248 562 287 alia
597 260 701 286 vero
738 245 973 286 inhonesta
1010 261 1088 287 seu
1122 248 1346 288 moraliter
1382 248 1517 298 mala,

104 333 188 372 vg.
208 318 530 372 blasphemare.
593 316 727 357 Unde
764 316 806 356 in
842 316 1008 357 forma:
1056 318 1231 371 Regula
1264 333 1379 371 quae
1417 319 1510 372 jam

110 387 322 440 supponit
344 386 492 438 aliqua
515 398 608 424 esse
632 383 855 424 moraliter
876 385 1005 434 bona,
1028 385 1113 425 alia
1135 399 1238 426 vero
1272 387 1406 435 mala,
1431 399 1520 426 non

106 461 173 496 est
194 454 337 508 prima
358 452 510 505 regula
531 451 820 492 moralitatis:
853 458 988 506 atque
1011 454 1112 494 talis
1135 460 1201 494 est
1230 453 1305 494 lex
1340 460 1527 494 aeterna«

104 524 189 564 Dei
209 537 217 564 :
251 536 368 574 ergo,
391 527 470 561 etc.

164 598 260 641 379.
296 589 435 628 RESP.
488 587 606 627 Dz'st.
648 586 877 639 Majorem.
942 588 1147 642 ‘Regula
1189 588 1264 629 illa
1318 601 1407 628 non
1460 593 1526 627 est

104 659 258 713 prima,
293 671 406 711 quae
443 656 536 709 jam
579 657 789 710 supponit
831 657 980 710 aliqua
1008 657 1267 709 formaliter
1299 658 1423 698 bona
1455 657 1524 695 vel

107 727 226 767 mala
249 740 371 776 esse3
403 727 600 767 concedo:
631 741 745 779 quae
776 732 951 766 tantum
984 728 1198 780 supponit
1230 727 1390 780 aliqua
1421 724 1529 764 talia

106 809 201 836 esse
223 795 476 835 radicaliter
503 809 578 835 seu
601 795 831 848 angitiae,-
864 809 974 848 nego.
1042 796 1101 836 Et
1131 796 1382 837 contradi‘st.
1412 797 1530 845 min,

107 878 208 917 nego
229 864 565 916 consequentiam
587 871 628 904 et
646 864 962 905 conclusionem.

168 934 262 983 380.
296 932 536 973 Distinctio
559 933 621 973 sic
644 934 911 986 exponitur:
950 932 1144 973 “Cultus
1169 934 1253 974 Dei
1278 948 1366 974 non
1392 942 1459 975 est
1484 935 1526 974 in

108 1014 269 1053 genere
292 1002 425 1041 moris
436 1002 693 1053 formaliter
714 1002 928 1042 honestus
963 1003 1280 1043 antecedenter
1303 1005 1359 1043 ad
1383 1004 1528 1056 legem

112 1074 210 1122 Dei,
232 1086 312 1113 nec
349 1073 500 1113 odium
526 1073 611 1113 Dei
637 1072 899 1124 formaliter
934 1072 1252 1124 inhonestum;
1286 1075 1391 1127 quia
1422 1074 1531 1114 haec

100 1141 315 1193 formalis
348 1141 558 1181 honestas
603 1142 670 1181 vel
716 1142 975 1183 inhonestas
1025 1149 1091 1183 est
1134 1142 1422 1184 conformitas
1464 1143 1532 1184 vel

110 1209 375 1251 difformitas
419 1224 518 1251 cum
562 1210 659 1263 lege
703 1211 801 1261 Dei,
845 1218 894 1252 ut
935 1212 1174 1265 probatum
1232 1219 1311 1253 est.
1378 1213 1532 1253 Habet

111 1286 263 1320 tamen
287 1279 372 1318 Dei
396 1280 539 1319 cultus
574 1294 632 1320 ex
664 1295 744 1321 sua
781 1287 938 1322 natura
974 1282 1257 1323 honestatem
1299 1283 1531 1324 radicalem

113 1348 181 1388 vel
208 1348 600 1400 fundamentalem,
623 1350 775 1389 odium
809 1364 912 1390 vero
945 1350 1135 1390 similem
1172 1351 1532 1393 inhonestatem:

116 1417 201 1456 hoc
224 1422 302 1465 est,
325 1416 397 1456 ille
419 1418 554 1470 erigit
573 1419 778 1471 praecipi,
801 1419 919 1459 istud
943 1433 1046 1460 vero
1070 1419 1305 1472 prohiberi.

178 1485 272 1535 381.
307 1489 326 1504 “
348 1485 479 1525 Hanc
521 1486 752 1527 radicalem
798 1485 952 1541 [quam
1001 1488 1074 1528 alii
1113 1489 1247 1541 igitur
1279 1490 1534 1542 exigitivam

116 1549 297 1607 vocant]
320 1552 598 1593 honestatem
622 1554 691 1594 vel
714 1555 1044 1596 inhonestatem
1068 1557 1130 1596 ait
1168 1557 1438 1598 Haunoldus
1460 1558 1535 1598 de—

120 1619 251 1662 sumi1
273 1621 436 1661 debere
458 1635 515 1661 ex
539 1635 592 1661 eo
613 1623 731 1674 quod
755 1624 1070 1664 antecedenter
1091 1626 1147 1665 ad
1174 1639 1327 1666 omnes
1351 1627 1534 1667 circum-

120 1690 306 1730 stantias
329 1690 628 1743 particulares,
652 1692 894 1745 cogitando
919 1706 999 1733 nos
1023 1694 1142 1746 ipsos
1169 1695 1295 1747 quasi
1318 1695 1463 1735 adhuc
1492 1695 1536 1735 in

120 1764 238 1798 statu
276 1758 585 1811 possibilitatis
622 1760 879 1810 existentes,
923 1761 1226 1814 judicaremus
1269 1777 1327 1802 ex
1370 1763 1536 1803 lumine

122 1832 317 1876 naturae,
360 1841 452 1867 rem
495 1828 638 1867 debere
677 1829 734 1870 ab
776 1835 957 1870 auctore
1000 1836 1185 1870 naturae
1228 1831 1423 1884 praecipi
1466 1831 1534 1871 vel

124 1895 362 1949 prohiberi,
406 1903 620 1950 tanquam
664 1897 788 1950 cujus
831 1904 1119 1951 praeceptum
1174 1900 1242 1939 vel
1295 1899 1537 1952 prohibitio

125 1970 428 2010 universaliter
464 1977 649 2011 naturae
686 1971 887 2011 rationali
927 1969 1232 2028 [expediret];
1266 1979 1382 2014 certe
1419 1979 1537 2023 tunc,

126 2044 169 2082 in
192 2041 424 2082 concilium
447 2056 472 2082 a
495 2042 594 2083 Deo
625 2043 822 2092 adducti,
850 2043 1136 2084 suaderemus
1171 2045 1340 2085 cultum
1375 2044 1473 2093 Dei,
1494 2050 1539 2084 et

128 2111 484 2151 dissuaderemus
518 2111 809 2152 contumelias
842 2111 938 2164 ejus
1000 2141 1010 2151 .
1073 2143 1082 2152 .
1145 2146 1153 2154 .
1217 2113 1349 2167 Quod
1389 2119 1538 2153 autem

128 2181 262 2222 etiam
299 2181 342 2221 in
380 2195 431 2221 ea
462 2181 701 2235 hypothesi
739 2181 942 2222 homines
982 2183 1130 2235 quoad
1169 2183 1317 2236 aliqua
1349 2183 1461 2223 inter
1492 2196 1539 2222 se

130 2256 279 2290 tamen
316 2249 628 2303 discreparent,
664 2264 722 2290 ex
760 2264 812 2290 eo
854 2250 1057 2300 oriretur,
1091 2252 1211 2304 quod
1255 2265 1342 2291 non
1384 2264 1540 2291 omnes

130 2318 281 2358 statim
319 2325 610 2371 agnoscerent
651 2318 930 2360 honestatem
975 2320 1199 2369 moralem,
1241 2320 1317 2360 sed
1360 2319 1540 2359 daretur

133 2386 382 2439 ignorantia
403 2386 666 2428 invincibilis
689 2388 823 2428 etiam
844 2386 953 2439 juris
978 2387 1215 2428 naturae.”2

159 2461 374 2525 ἶῙΫῩῙἿΙιΫιᾸιΞΖοςῙιὶι
396 2487 616 2527 Speculatz'va,
635 2489 710 2520 Lib.
729 2498 758 2519 2.
774 2494 867 2521 tract.
888 2489 908 2520 i.
927 2501 961 2520 n.
980 2497 1056 2530 350.
1082 2490 1162 2520 Vid.
1177 2464 1287 2530 supra,
1304 2499 1358 2521 nn.
1383 2464 1536 2530 131-1373.

204 2532 288 2561 Ant.
309 2530 418 2571 Mayr,
444 2531 549 2562 Theol.
567 2532 738 2571 Scholast„
758 2533 875 2564 Tract.
893 2543 927 2573 4.
947 2533 1035 2575 disp.
1053 2534 1077 2564 i.
1094 2543 1152 2564 nn.
1174 2539 1244 2572 179,
1269 2532 1342 2564 180.
