1716 2729
627 82 678 122 de
694 81 876 122 Actibus
898 81 1135 122 Humanis.
1489 85 1574 138 269

169 198 312 233 malus:
341 209 385 232 ac
403 198 440 232 6⁰
457 197 487 231 si
507 197 554 231 de
561 197 643 241 fine
660 196 791 240 agitur,
812 196 858 230 sit
873 202 1015 230 tantum
1028 197 1224 241 partialis,
1243 197 1359 232 immo
1385 204 1421 233 et
1447 211 1573 234 sccun-

169 247 326 286 aarz'us,·
345 244 506 290 denique
526 252 564 286 70
583 243 899 288 praemittendum
918 250 973 278 est
993 244 1250 288 quaestionem
1271 256 1355 279 esse
1374 245 1420 279 de
1439 248 1574 281 momlz

169 299 275 327 actus
302 293 473 335 bonitale,
508 290 663 325 minime
697 290 745 324 de
780 290 913 324 merito
947 290 1026 335 ejus
1061 291 1345 335 supernaturali.
1375 292 1571 338 [531-539.]

169 339 314 384 Quibus
332 338 561 383 praemissis,

215 395 336 428 RESP.
363 394 559 439 Negative.
588 393 646 426 Ita
664 393 742 425 TT.
763 391 1019 426 communius:
1048 399 1134 427 sunt
1159 399 1286 427 tamen
1306 393 1402 428 duae
1429 396 1570 430 theolo-

166 452 299 487 gorum
318 440 537 475 sententiae.
567 438 773 483 [540-541.]

216 487 553 532 Sententiaprima
570 486 743 521 affirmat.
785 487 1106 531 Argumentantur
1124 486 1202 531 ejus
1222 494 1394 522 auctores
1415 495 1446 522 10
1464 501 1508 523 ex
1527 501 1572 525 eo

167 538 267 580 quod
309 534 474 580 alioquin
511 533 570 568 vix
606 534 701 567 ullus
734 540 840 568 actus
879 534 1010 576 bonus,
1037 534 1096 568 vel
1130 533 1166 567 in
1194 533 1282 567 viris
1313 535 1573 578 sanctissimis,

166 581 321 616 inveniri
357 581 474 626 possit
493 593 501 623 3
535 587 797 624 argumentum
833 580 1055 615 confirmant
1089 592 1133 614 ex
1168 581 1292 615 verbis
1328 582 1365 615 S.
1401 583 1570 627 Gregorii

168 629 300 673 Magni
319 636 354 663 et
373 629 527 662 aliorum
550 628 616 661 SS.
638 628 789 662 Patrum
808 639 815 662 :
835 635 1143 672 argumentantur
1163 634 1199 661 2⁰
1217 639 1263 662 ex
1281 639 1325 662 eo
1340 630 1440 673 quod
1459 631 1573 665 bonus

167 676 310 710 censeri
329 676 465 710 debeat
483 674 695 719 hujusmodi
715 681 820 709 actus
839 676 972 709 saltem
991 675 1136 719 quoties
1155 674 1238 720 quis
1258 683 1499 721 praeceptum
1519 677 1572 712 sic

166 723 358 767 adimplet,
378 734 491 767 quum
511 733 601 756 sane
620 722 753 756 melius
770 721 816 756 sit
834 730 1076 767 praeceptum
1094 722 1300 767 adimplere
1319 734 1433 768 quam
1451 731 1573 759 trans-

167 770 283 815 gredi·
311 767 514 815 [541-545]
883 815 889 821 ,
1007 816 1013 822 ,

215 816 409 852 Sententia
426 817 546 850 altera
558 822 682 859 negat.
722 817 938 850 Sententiae
951 816 1060 861 hujus
1073 823 1244 851 auctores
1263 825 1573 861 argumentantur

168 863 198 898 1ο
217 875 263 898 ex
282 872 293 897 1
315 865 398 898 Cor.
419 876 450 897 v.
470 863 512 904 63
541 869 580 897 20
606 875 650 897 ex
676 863 848 898 doctrina
875 864 940 898 SS.
972 864 1137 904 Patrum‚
1162 871 1275 909 atque
1302 875 1347 898 ex
1365 866 1572 901 axiomate:

165 912 317 945 Bonum
327 923 375 945 ex
384 912 532 956 z'nlegra
549 922 672 951 causa,
687 911 830 944 malum
843 922 891 944 ex
901 922 1116 955 quocunque
1133 911 1272 956 deffectu
1279 923 1301 952 ‚·
1318 917 1357 954 30
1371 919 1406 946 et
1419 914 1572 958 quidem

165 957 378 1003 praecipue,
397 969 443 992 ex
476 969 521 992 eo
556 957 656 1002 quod
684 957 838 991 omnino
869 957 1013 991 censeri
1048 958 1176 1003 nequit
1207 959 1330 992 Deum
1360 959 1572 995 istiusmodi

166 1005 303 1050 agendi
322 1005 476 1039 modum
495 1005 725 1049 approbare,
753 1010 793 1047 40
811 1016 855 1039 ex
873 1016 917 1039 eo
936 1005 1037 1050 quod
1062 1005 1169 1039 aliter
1187 1005 1264 1039 fieri
1283 1014 1412 1050 posset
1431 1015 1469 1042 ut
1488 1008 1573 1052 quis

166 1052 301 1087 eodem
331 1059 417 1086 actu
447 1059 720 1096 promereretur
749 1063 912 1097 poenam
940 1052 1143 1096 purgatorii
1162 1059 1198 1087 et
1225 1064 1292 1097 pro
1310 1054 1445 1088 eadem
1464 1056 1571 1089 satis-

167 1100 318 1134 faceret.
346 1097 548 1144 [546-531]

214 1147 275 1180 Ad
287 1154 508 1191 argumenta
523 1145 732 1180 sententiae
747 1146 879 1190 prioris
893 1145 945 1180 sic
957 1146 1201 1191 respondent:
1216 1147 1263 1181 ad
1281 1151 1336 1191 1¹¹²,
1349 1149 1573 1193 exponendo

169 1193 428 1239 quaestionem
457 1205 532 1228 non
561 1205 644 1227 esse
671 1193 719 1227 de
737 1194 883 1228 duobus
913 1193 1070 1238 actibus,
1089 1194 1151 1239 qui
1182 1194 1292 1229 simul
1311 1207 1394 1230 esse
1412 1197 1571 1240 possint,

167 1240 234 1275 sed
253 1241 299 1274 de
318 1248 402 1275 actu
421 1252 495 1274 uno
514 1241 722 1285 eodemque
744 1253 752 1282 ;
779 1247 892 1286 atque
911 1240 1063 1285 insuper
1080 1242 1140 1275 hic
1157 1241 1460 1277 animadvertunt
1479 1243 1572 1278 nihil

167 1289 317 1322 obstare
337 1287 536 1332 quominus
556 1287 638 1333 quis
656 1288 832 1322 indirecte
849 1295 885 1322 et
902 1290 1074 1333 negative
1099 1289 1147 1322 ad
1165 1290 1355 1333 agendum
1374 1298 1569 1325 moveatur

167 1335 303 1369 affectu
322 1347 433 1380 quem
453 1335 513 1378 (a)
533 1335 792 1380 apprehendat
812 1335 931 1369 solum
951 1347 1017 1380 per
1035 1335 1277 1378 intellectum,
1295 1344 1359 1371 aut
1377 1348 1399 1371 a
1416 1338 1568 1372 fortiore

167 1382 224 1426 (b)
245 1394 355 1427 quem
383 1383 632 1427 amplectatur
656 1393 722 1426 per
740 1388 864 1416 actum
883 1382 1084 1417 voluntatis
1112 1383 1265 1417 omnino
1284 1383 1502 1419 distinctum
1520 1386 1570 1420 ab

167 1440 213 1464 eo
241 1430 288 1463 ad
319 1441 431 1474 quem
462 1429 637 1463 indirecte
663 1436 699 1463 et
729 1431 902 1474 negative
929 1429 982 1464 sic
1002 1437 1176 1465 moveat:
1203 1431 1252 1465 ad
1272 1436 1321 1465 2¹¹¹
1339 1433 1569 1476 respondent
1615 1449 1622 1457 ·

166 1476 433 1520 distinguendo
453 1476 548 1510 inter
565 1477 659 1510 haec
678 1476 762 1518 duo,
782 1484 906 1510 actum
927 1476 977 1520 (a)
994 1488 1076 1511 esse
1091 1478 1289 1519 meliorem,
1305 1479 1405 1523 quod
1417 1480 1571 1513 omnino

165 1530 317 1568 negant,
335 1535 379 1558 ac
395 1524 451 1568 (b)
470 1535 553 1558 esse
572 1525 697 1557 minus
715 1524 868 1567 malum,
882 1524 982 1568 quod
994 1525 1106 1569 plane
1120 1534 1339 1568 agnoscunt.
1364 1525 1571 1572 [552-561.]

217 1607 380 1651 QUAER.
415 1614 465 1648 70.
504 1606 585 1651 Quo
612 1618 720 1640 sensu
747 1607 1031 1652 insellzgendmlz
1059 1608 1112 1640 sil
1136 1609 1288 1642 axz'mmz
1302 1621 1315 1642 .·
1350 1609 1498 1643 Bonum
1527 1621 1571 1644 ex

167 1652 311 1698 integra
330 1665 453 1696 causa,
473 1654 613 1687 malum
630 1665 674 1688 ex
689 1664 912 1698 quocunque
931 1654 1079 1688 defectu
1095 1654 1108 1688 2

215 1714 574 1749 PRAENOTANDUM
593 1722 649 1749 est
672 1720 707 1748 10
723 1726 874 1748 causam
892 1714 953 1749 hic
972 1714 1183 1759 significare
1201 1717 1438 1761 complexum
1458 1718 1569 1752 trium

165 1761 463 1803 elementorum3
490 1761 640 1806 objecti,
670 1761 766 1801 finis,
797 1761 1183 1796 circumstantiarum:
1212 1773 1251 1800 20
1269 1775 1352 1798 eam
1383 1767 1570 1810 integram

165 1808 308 1842 censeri
327 1809 472 1853 quoties
491 1816 596 1843 actus
608 1809 656 1851 (a)
672 1809 719 1843 sit
737 1821 780 1843 ex
798 1809 924 1854 aliquo
942 1809 1064 1854 capite
1076 1810 1206 1853 bonus,
1224 1822 1345 1855 neque
1358 1812 1404 1855 (b)
1419 1813 1571 1847 aliunde

163 1855 313 1889 vitietur
330 1867 337 1890 :
370 1864 407 1899 30
431 1868 564 1890 vocem
594 1857 745 1890 axioma
775 1856 836 1890 hic
866 1856 973 1897 sumi,
1005 1868 1079 1891 non
1111 1857 1159 1891 ad
1181 1859 1369 1902 primum,
1387 1866 1426 1893 ut
1454 1859 1571 1899 aiunt,

155 1904 405 1947 principimn,
425 1903 491 1937 sed
511 1903 558 1937 ad
583 1904 791 1948 formulam
822 1904 1023 1948 quandam,
1043 1904 1329 1948 designandam.
1360 1905 1573 1953 [562-566.]

167 1949 239 1983 His
257 1949 488 1993 praemissis,

214 2007 332 2040 RESP.
363 2006 642 2051 Distinguendo
676 2018 785 2041 casus
819 2008 943 2052 plures
978 2008 1040 2053 qui
1075 2008 1221 2054 concipi
1263 2017 1431 2054 possunt,
1462 2020 1570 2056 prout

164 2054 365 2098 objectum,
385 2054 479 2097 finis,
495 2061 557 2088 aut
571 2054 885 2096 circumstantiae,
905 2054 978 2089 sint
996 2056 1096 2097 boni,
1111 2057 1212 2098 mali,
1225 2064 1288 2091 aut
1304 2058 1570 2094 indifferentes.

167 2100 370 2145 [567-568-]
1238 2150 1244 2155 ,
1288 2151 1293 2156 ,
1379 2151 1385 2157 ,

215 2147 276 2182 Sic
296 2156 331 2181 10
348 2159 460 2192 quum
477 2148 664 2193 objectum
685 2149 828 2182 malum
841 2156 909 2189 est,
928 2160 1036 2183 casus
1056 2161 1190 2184 novem
1209 2151 1386 2195 distingui
1403 2161 1558 2196 possunt

167 2194 203 2228 in
224 2194 357 2239 quibus
377 2195 527 2239 quidem
548 2195 722 2229 omnibus
742 2203 847 2230 actus
867 2197 976 2240 plane
996 2198 1116 2230 malus
1135 2204 1204 2231 est.
1233 2197 1436 2244 [569-570.]

216 2241 365 2276 Deinde
385 2249 422 2275 2⁰
450 2254 564 2287 quum
595 2243 782 2287 objectum
811 2244 944 2277 bonum
975 2250 1044 2282 est,
1078 2244 1201 2278 adhuc
1229 2257 1363 2279 norem
1392 2246 1569 2291 distingui

167 2296 324 2333 possunt
355 2300 475 2323 casus.
529 2289 566 2323 Si
589 2289 647 2333 (a)
667 2289 768 2324 bona
796 2297 880 2324 sunt
909 2290 982 2324 alia
1007 2291 1081 2325 duo
1108 2292 1306 2333 elementa,
1325 2300 1429 2327 actus
1448 2294 1569 2328 bonus

167 2342 242 2370 est:
262 2335 292 2369 si
313 2336 364 2379 (b)
382 2343 466 2370 sunt
485 2336 745 2377 indifferentia,
761 2344 865 2371 actus
880 2337 1031 2382 quidem
1045 2350 1118 2372 non
1138 2346 1261 2383 potest
1277 2340 1418 2374 censeri
1438 2341 1571 2384 bonus,

167 2394 215 2416 an
234 2394 322 2416 vero
340 2384 459 2417 malus
479 2384 690 2418 censendus
710 2383 755 2418 sit
774 2383 1055 2429 dijudicandum
1075 2385 1142 2419 erit
1161 2397 1205 2419 ex
1219 2387 1389 2421 doctrina
1407 2389 1571 2422 tenenda

167 2430 214 2464 de
227 2430 372 2464 actibus
388 2431 423 2464 in
438 2430 630 2465 individuo
648 2431 944 2466 indifferentibus
966 2444 972 2466 :
992 2432 1019 2466 si
1039 2432 1091 2475 (c)
1108 2441 1191 2467 sunt
1205 2434 1313 2477 mala,
1329 2441 1434 2468 actus
1449 2436 1569 2469 malus

168 2483 224 2511 est
241 2488 248 2509 :
270 2477 298 2511 si
319 2477 368 2520 (d,
386 2476 434 2518 e,)
453 2489 567 2512 unum
587 2489 630 2511 ex
651 2477 694 2511 iis
714 2478 853 2512 malum
872 2486 940 2519 est,
957 2480 1115 2513 alterum
1135 2480 1287 2519 bonum,
1307 2482 1430 2515 adhuc
1449 2484 1571 2516 malus

168 2531 224 2558 est
245 2531 349 2559 actus
370 2537 377 2559 ;
404 2524 504 2559 idem
524 2536 545 2559 a
563 2525 713 2560 fortiore
733 2525 933 2560 dicendum
949 2534 1004 2561 est
1019 2526 1048 2560 si
1069 2526 1122 2572 (s,
1135 2527 1195 2572 g,)
1222 2539 1336 2562 unum
1355 2529 1495 2563 malum
1514 2536 1571 2564 est
