<?xml version="1.0" encoding="UTF-8"?>
<!DOCTYPE html PUBLIC "-//W3C//DTD XHTML 1.0 Transitional//EN"
    "http://www.w3.org/TR/xhtml1/DTD/xhtml1-transitional.dtd">
<html xmlns="http://www.w3.org/1999/xhtml" xml:lang="en" lang="en">
 <head>
  <title>
</title>
<meta http-equiv="Content-Type" content="text/html;charset=utf-8" />
  <meta name='ocr-system' content='tesseract 3.04.00' />
  <meta name='ocr-capabilities' content='ocr_page ocr_carea ocr_par ocr_line ocrx_word'/>
</head>
<body>
  <div class='ocr_page' id='page_1' title='image "./tractatusdeactib00wals_0234.png"; bbox 0 0 1716 2729; ppageno 0'>
   <div class='ocr_carea' id='block_1_1' title="bbox 161 87 1575 146">
    <p class='ocr_par' dir='ltr' id='par_1_1' title="bbox 161 87 1575 146">
     <span class='ocr_line' id='line_1_1' title="bbox 161 87 1575 146; baseline 0.006 -20"><span class='ocrx_word' id='word_1_1' title='bbox 161 96 184 126; x_wconf 89' lang='lat'>2</span> <span class='ocrx_word' id='word_1_2' title='bbox 196 97 210 126; x_wconf 94' lang='lat'>1</span> <span class='ocrx_word' id='word_1_3' title='bbox 220 87 244 127; x_wconf 88' lang='lat'>8</span> <span class='ocrx_word' id='word_1_4' title='bbox 752 89 982 131; x_wconf 74' lang='lat' dir='ltr'>Tractatus</span> <span class='ocrx_word' id='word_1_5' title='bbox 1394 92 1575 146; x_wconf 72' lang='lat' dir='ltr'>[GURY,</span> 
     </span>
    </p>
   </div>
   <div class='ocr_carea' id='block_1_2' title="bbox 158 202 1577 744">
    <p class='ocr_par' dir='ltr' id='par_1_2' title="bbox 158 202 1577 744">
     <span class='ocr_line' id='line_1_2' title="bbox 159 202 1570 262; baseline 0.006 -21"><span class='ocrx_word' id='word_1_6' title='bbox 159 202 324 242; x_wconf 87' lang='lat' dir='ltr'>otiosas</span> <span class='ocrx_word' id='word_1_7' title='bbox 360 216 465 252; x_wconf 88' lang='lat' dir='ltr'>esse,</span> <span class='ocrx_word' id='word_1_8' title='bbox 504 209 547 244; x_wconf 91' lang='lat' dir='ltr'>et</span> <span class='ocrx_word' id='word_1_9' title='bbox 589 203 690 245; x_wconf 88' lang='lat' dir='ltr'>ideo</span> <span class='ocrx_word' id='word_1_10' title='bbox 734 204 886 255; x_wconf 82' lang='lat' dir='ltr'>malas,</span> <span class='ocrx_word' id='word_1_11' title='bbox 922 207 1078 248; x_wconf 84' lang='lat' dir='ltr'>afferre</span> <span class='ocrx_word' id='word_1_12' title='bbox 1123 207 1268 248; x_wconf 79' lang='lat' dir='ltr'>solent</span> <span class='ocrx_word' id='word_1_13' title='bbox 1309 209 1570 262; x_wconf 78' lang='lat' dir='ltr'>exemplum</span> 
     </span>
     <span class='ocr_line' id='line_1_3' title="bbox 161 272 1577 330; baseline 0.004 -19"><span class='ocrx_word' id='word_1_14' title='bbox 161 272 449 325; x_wconf 89' lang='lat' dir='ltr'>Imperatoris</span> <span class='ocrx_word' id='word_1_15' title='bbox 491 286 623 326; x_wconf 90' lang='lat' dir='ltr'>quem</span> <span class='ocrx_word' id='word_1_16' title='bbox 666 288 821 315; x_wconf 90' lang='lat' dir='ltr'>omnes</span> <span class='ocrx_word' id='word_1_17' title='bbox 857 276 979 328; x_wconf 89' lang='lat' dir='ltr'>parvi</span> <span class='ocrx_word' id='word_1_18' title='bbox 1018 277 1220 330; x_wconf 91' lang='lat' dir='ltr'>pendunt</span> <span class='ocrx_word' id='word_1_19' title='bbox 1258 276 1377 330; x_wconf 92' lang='lat' dir='ltr'>quod</span> <span class='ocrx_word' id='word_1_20' title='bbox 1413 276 1577 329; x_wconf 79' lang='lat' dir='ltr'>legitur</span> 
     </span>
     <span class='ocr_line' id='line_1_4' title="bbox 159 340 1572 396; baseline 0.002 -16"><span class='ocrx_word' id='word_1_21' title='bbox 159 340 279 381; x_wconf 91' lang='lat' dir='ltr'>diem</span> <span class='ocrx_word' id='word_1_22' title='bbox 301 341 570 394; x_wconf 79' lang='lat' dir='ltr'>transegisse</span> <span class='ocrx_word' id='word_1_23' title='bbox 591 342 809 395; x_wconf 89' lang='lat' dir='ltr'>capiendo</span> <span class='ocrx_word' id='word_1_24' title='bbox 833 357 1008 384; x_wconf 90' lang='lat' dir='ltr'>muscas</span> <span class='ocrx_word' id='word_1_25' title='bbox 1042 344 1099 384; x_wconf 87' lang='lat' dir='ltr'>ob</span> <span class='ocrx_word' id='word_1_26' title='bbox 1122 343 1261 383; x_wconf 79' lang='lat' dir='ltr'>solam</span> <span class='ocrx_word' id='word_1_27' title='bbox 1288 343 1346 383; x_wconf 92' lang='lat' dir='ltr'>rei</span> <span class='ocrx_word' id='word_1_28' title='bbox 1369 343 1572 396; x_wconf 88' lang='lat' dir='ltr'>volupta-</span> 
     </span>
     <span class='ocr_line' id='line_1_5' title="bbox 158 410 1576 464; baseline 0.001 -14"><span class='ocrx_word' id='word_1_29' title='bbox 158 415 267 451; x_wconf 88' lang='lat' dir='ltr'>tem.</span> <span class='ocrx_word' id='word_1_30' title='bbox 334 410 453 450; x_wconf 83' lang='lat' dir='ltr'><strong>Huic</strong></span> <span class='ocrx_word' id='word_1_31' title='bbox 489 416 639 451; x_wconf 87' lang='lat' dir='ltr'>tamen</span> <span class='ocrx_word' id='word_1_32' title='bbox 676 418 942 464; x_wconf 81' lang='lat' dir='ltr'>argumento</span> <span class='ocrx_word' id='word_1_33' title='bbox 980 412 1188 452; x_wconf 77' lang='lat' dir='ltr'>facillime</span> <span class='ocrx_word' id='word_1_34' title='bbox 1222 426 1322 452; x_wconf 86' lang='lat' dir='ltr'>cum</span> <span class='ocrx_word' id='word_1_35' title='bbox 1368 412 1576 454; x_wconf 84' lang='lat' dir='ltr'>Scotistis</span> 
     </span>
     <span class='ocr_line' id='line_1_6' title="bbox 158 481 1572 536; baseline 0.001 -15"><span class='ocrx_word' id='word_1_36' title='bbox 158 481 414 534; x_wconf 89' lang='lat' dir='ltr'>responderi</span> <span class='ocrx_word' id='word_1_37' title='bbox 448 487 607 534; x_wconf 88' lang='lat' dir='ltr'>potest,</span> <span class='ocrx_word' id='word_1_38' title='bbox 643 481 965 534; x_wconf 79' lang='lat' dir='ltr'>Imperatorem</span> <span class='ocrx_word' id='word_1_39' title='bbox 999 482 1123 523; x_wconf 87' lang='lat' dir='ltr'>illum</span> <span class='ocrx_word' id='word_1_40' title='bbox 1159 483 1281 536; x_wconf 84' lang='lat' dir='ltr'>parvi</span> <span class='ocrx_word' id='word_1_41' title='bbox 1317 483 1449 536; x_wconf 89' lang='lat' dir='ltr'>pendi</span> <span class='ocrx_word' id='word_1_42' title='bbox 1485 496 1572 522; x_wconf 85' lang='lat' dir='ltr'>non</span> 
     </span>
     <span class='ocr_line' id='line_1_7' title="bbox 158 548 1571 606; baseline 0.002 -16"><span class='ocrx_word' id='word_1_43' title='bbox 158 551 264 603; x_wconf 87' lang='lat' dir='ltr'>quia</span> <span class='ocrx_word' id='word_1_44' title='bbox 301 564 476 591; x_wconf 90' lang='lat' dir='ltr'>muscas</span> <span class='ocrx_word' id='word_1_45' title='bbox 513 551 694 603; x_wconf 85' lang='lat' dir='ltr'>ceperit,</span> <span class='ocrx_word' id='word_1_46' title='bbox 719 551 802 590; x_wconf 89' lang='lat' dir='ltr'>etsi</span> <span class='ocrx_word' id='word_1_47' title='bbox 837 551 880 591; x_wconf 93' lang='lat' dir='ltr'>id</span> <span class='ocrx_word' id='word_1_48' title='bbox 920 548 1184 605; x_wconf 80' lang='lat' dir='ltr'>Imperatori</span> <span class='ocrx_word' id='word_1_49' title='bbox 1208 553 1315 593; x_wconf 90' lang='lat' dir='ltr'>satis</span> <span class='ocrx_word' id='word_1_50' title='bbox 1338 553 1571 606; x_wconf 81' lang='lat' dir='ltr'>indignum</span> 
     </span>
     <span class='ocr_line' id='line_1_8' title="bbox 158 620 1571 677; baseline 0.003 -16"><span class='ocrx_word' id='word_1_51' title='bbox 158 627 263 671; x_wconf 87' lang='lat' dir='ltr'>erat,</span> <span class='ocrx_word' id='word_1_52' title='bbox 285 622 362 662; x_wconf 94' lang='lat' dir='ltr'>sed</span> <span class='ocrx_word' id='word_1_53' title='bbox 396 621 499 675; x_wconf 90' lang='lat' dir='ltr'>quia</span> <span class='ocrx_word' id='word_1_54' title='bbox 522 621 566 660; x_wconf 90' lang='lat' dir='ltr'>in</span> <span class='ocrx_word' id='word_1_55' title='bbox 598 620 682 661; x_wconf 86' lang='lat' dir='ltr'>hoc</span> <span class='ocrx_word' id='word_1_56' title='bbox 706 622 887 674; x_wconf 82' lang='lat' dir='ltr'>negotio</span> <span class='ocrx_word' id='word_1_57' title='bbox 910 622 1031 663; x_wconf 89' lang='lat' dir='ltr'>diem</span> <span class='ocrx_word' id='word_1_58' title='bbox 1063 624 1341 676; x_wconf 78' lang='lat' dir='ltr'>transegerit,</span> <span class='ocrx_word' id='word_1_59' title='bbox 1365 624 1571 677; x_wconf 81' lang='lat' dir='ltr'>ideoque,</span> 
     </span>
     <span class='ocr_line' id='line_1_9' title="bbox 159 687 1340 744; baseline 0 -12"><span class='ocrx_word' id='word_1_60' title='bbox 159 697 208 732; x_wconf 90' lang='lat' dir='ltr'>ut</span> <span class='ocrx_word' id='word_1_61' title='bbox 231 691 293 732; x_wconf 92' lang='lat' dir='ltr'>ait</span> <span class='ocrx_word' id='word_1_62' title='bbox 317 687 561 740; x_wconf 82' lang='lat' dir='ltr'>Mastrius‚1</span> <span class='ocrx_word' id='word_1_63' title='bbox 583 690 644 730; x_wconf 90' lang='lat' dir='ltr'>sic</span> <span class='ocrx_word' id='word_1_64' title='bbox 666 691 806 743; x_wconf 81' lang='lat' dir='ltr'>egerit</span> <span class='ocrx_word' id='word_1_65' title='bbox 826 704 921 731; x_wconf 74' lang='lat' dir='ltr'>cum</span> <span class='ocrx_word' id='word_1_66' title='bbox 945 691 1145 744; x_wconf 70' lang='lat' dir='ltr'>temporis</span> <span class='ocrx_word' id='word_1_67' title='bbox 1165 706 1340 733; x_wconf 56' lang='lat' dir='ltr'>arcessa.</span> 
     </span>
    </p>
   </div>
   <div class='ocr_carea' id='block_1_3' title="bbox 154 766 1578 2333">
    <p class='ocr_par' dir='ltr' id='par_1_3' title="bbox 154 766 1578 1578">
     <span class='ocr_line' id='line_1_10' title="bbox 216 766 1578 819; baseline 0.002 -13"><span class='ocrx_word' id='word_1_68' title='bbox 216 767 314 818; x_wconf 78' lang='lat'><strong>633.</strong></span> <span class='ocrx_word' id='word_1_69' title='bbox 347 767 507 819; x_wconf 89' lang='lat' dir='ltr'>Neque</span> <span class='ocrx_word' id='word_1_70' title='bbox 549 766 666 806; x_wconf 90' lang='lat' dir='ltr'>enim</span> <span class='ocrx_word' id='word_1_71' title='bbox 710 766 912 807; x_wconf 89' lang='lat' dir='ltr'>doctrina</span> <span class='ocrx_word' id='word_1_72' title='bbox 965 766 1258 808; x_wconf 85' lang='lat' dir='ltr'>Scotistarum</span> <span class='ocrx_word' id='word_1_73' title='bbox 1305 768 1360 808; x_wconf 92' lang='lat' dir='ltr'>de</span> <span class='ocrx_word' id='word_1_74' title='bbox 1402 768 1578 809; x_wconf 88' lang='lat' dir='ltr'>actibus-</span> 
     </span>
     <span class='ocr_line' id='line_1_11' title="bbox 157 834 1573 889; baseline 0.001 -14"><span class='ocrx_word' id='word_1_75' title='bbox 157 834 512 876; x_wconf 88' lang='lat' dir='ltr'>indifferentibus</span> <span class='ocrx_word' id='word_1_76' title='bbox 535 835 612 887; x_wconf 88' lang='lat' dir='ltr'>qui</span> <span class='ocrx_word' id='word_1_77' title='bbox 625 835 683 874; x_wconf 94' lang='lat' dir='ltr'>ob</span> <span class='ocrx_word' id='word_1_78' title='bbox 702 834 835 874; x_wconf 91' lang='lat' dir='ltr'>finem</span> <span class='ocrx_word' id='word_1_79' title='bbox 859 835 995 876; x_wconf 91' lang='lat' dir='ltr'>solius</span> <span class='ocrx_word' id='word_1_80' title='bbox 1014 836 1225 889; x_wconf 82' lang='lat' dir='ltr'>physicae</span> <span class='ocrx_word' id='word_1_81' title='bbox 1240 837 1573 877; x_wconf 77' lang='lat' dir='ltr'>commoditatis</span> 
     </span>
     <span class='ocr_line' id='line_1_12' title="bbox 156 902 1572 958; baseline 0.001 -14"><span class='ocrx_word' id='word_1_82' title='bbox 156 903 225 945; x_wconf 88' lang='lat' dir='ltr'>vel</span> <span class='ocrx_word' id='word_1_83' title='bbox 263 903 572 944; x_wconf 83' lang='lat' dir='ltr'>delectationis</span> <span class='ocrx_word' id='word_1_84' title='bbox 610 902 734 953; x_wconf 86' lang='lat' dir='ltr'>fiunt,</span> <span class='ocrx_word' id='word_1_85' title='bbox 757 910 824 944; x_wconf 88' lang='lat' dir='ltr'>est</span> <span class='ocrx_word' id='word_1_86' title='bbox 862 917 914 943; x_wconf 90' lang='lat' dir='ltr'>eo</span> <span class='ocrx_word' id='word_1_87' title='bbox 950 917 1081 944; x_wconf 86' lang='lat' dir='ltr'>sensu</span> <span class='ocrx_word' id='word_1_88' title='bbox 1125 904 1414 957; x_wconf 79' lang='lat' dir='ltr'>intelligenda</span> <span class='ocrx_word' id='word_1_89' title='bbox 1451 906 1572 958; x_wconf 91' lang='lat' dir='ltr'>quod</span> 
     </span>
     <span class='ocr_line' id='line_1_13' title="bbox 155 971 1574 1025; baseline 0.001 -13"><span class='ocrx_word' id='word_1_90' title='bbox 155 979 318 1024; x_wconf 77' lang='lat' dir='ltr'>semper</span> <span class='ocrx_word' id='word_1_91' title='bbox 338 986 363 1012; x_wconf 92' lang='lat' dir='ltr'>a</span> <span class='ocrx_word' id='word_1_92' title='bbox 385 971 516 1025; x_wconf 86' lang='lat' dir='ltr'>culpa</span> <span class='ocrx_word' id='word_1_93' title='bbox 539 971 758 1011; x_wconf 89' lang='lat' dir='ltr'>immunes</span> <span class='ocrx_word' id='word_1_94' title='bbox 782 971 881 1020; x_wconf 90' lang='lat' dir='ltr'>sint,</span> <span class='ocrx_word' id='word_1_95' title='bbox 905 977 948 1011; x_wconf 90' lang='lat' dir='ltr'>et</span> <span class='ocrx_word' id='word_1_96' title='bbox 981 986 1201 1025; x_wconf 66' lang='lat' dir='ltr'>nimquam</span> <span class='ocrx_word' id='word_1_97' title='bbox 1224 972 1419 1013; x_wconf 89' lang='lat' dir='ltr'>debeant</span> <span class='ocrx_word' id='word_1_98' title='bbox 1442 973 1574 1013; x_wconf 92' lang='lat' dir='ltr'>otiosi</span> 
     </span>
     <span class='ocr_line' id='line_1_14' title="bbox 157 1039 1573 1095; baseline 0.001 -14"><span class='ocrx_word' id='word_1_99' title='bbox 157 1041 337 1090; x_wconf 86' lang='lat' dir='ltr'>censeri,</span> <span class='ocrx_word' id='word_1_100' title='bbox 373 1047 498 1081; x_wconf 88' lang='lat' dir='ltr'>actus</span> <span class='ocrx_word' id='word_1_101' title='bbox 537 1039 612 1093; x_wconf 90' lang='lat' dir='ltr'>qui</span> <span class='ocrx_word' id='word_1_102' title='bbox 650 1039 760 1081; x_wconf 86' lang='lat' dir='ltr'>fiant</span> <span class='ocrx_word' id='word_1_103' title='bbox 802 1041 860 1081; x_wconf 92' lang='lat' dir='ltr'>ob</span> <span class='ocrx_word' id='word_1_104' title='bbox 903 1040 1036 1081; x_wconf 89' lang='lat' dir='ltr'>finem</span> <span class='ocrx_word' id='word_1_105' title='bbox 1081 1040 1273 1094; x_wconf 85' lang='lat' dir='ltr'>aliquem</span> <span class='ocrx_word' id='word_1_106' title='bbox 1316 1041 1573 1095; x_wconf 83' lang='lat' dir='ltr'>hujusmodi</span> 
     </span>
     <span class='ocr_line' id='line_1_15' title="bbox 156 1109 1574 1164; baseline 0.001 -14"><span class='ocrx_word' id='word_1_107' title='bbox 156 1110 362 1151; x_wconf 83' lang='lat' dir='ltr'>utilitatis</span> <span class='ocrx_word' id='word_1_108' title='bbox 384 1116 461 1150; x_wconf 90' lang='lat' dir='ltr'>aut</span> <span class='ocrx_word' id='word_1_109' title='bbox 483 1109 794 1149; x_wconf 86' lang='lat' dir='ltr'>delectationis</span> <span class='ocrx_word' id='word_1_110' title='bbox 818 1124 875 1150; x_wconf 80' lang='lat' dir='ltr'>ex</span> <span class='ocrx_word' id='word_1_111' title='bbox 898 1123 945 1150; x_wconf 92' lang='lat' dir='ltr'>se</span> <span class='ocrx_word' id='word_1_112' title='bbox 967 1123 1056 1150; x_wconf 91' lang='lat' dir='ltr'>non</span> <span class='ocrx_word' id='word_1_113' title='bbox 1081 1110 1343 1163; x_wconf 86' lang='lat' dir='ltr'>prohibitae.</span> <span class='ocrx_word' id='word_1_114' title='bbox 1406 1110 1574 1164; x_wconf 74' lang='lat' dir='ltr'>Quem-</span> 
     </span>
     <span class='ocr_line' id='line_1_16' title="bbox 158 1178 1575 1231; baseline -0.001 -12"><span class='ocrx_word' id='word_1_115' title='bbox 158 1178 403 1219; x_wconf 86' lang='lat' dir='ltr'>admodum</span> <span class='ocrx_word' id='word_1_116' title='bbox 427 1179 545 1218; x_wconf 90' lang='lat' dir='ltr'>enim</span> <span class='ocrx_word' id='word_1_117' title='bbox 569 1178 716 1227; x_wconf 85' lang='lat' dir='ltr'>homo,</span> <span class='ocrx_word' id='word_1_118' title='bbox 742 1179 823 1218; x_wconf 86' lang='lat' dir='ltr'>etsi</span> <span class='ocrx_word' id='word_1_119' title='bbox 856 1192 945 1218; x_wconf 90' lang='lat' dir='ltr'>non</span> <span class='ocrx_word' id='word_1_120' title='bbox 978 1179 1078 1219; x_wconf 90' lang='lat' dir='ltr'>ideo</span> <span class='ocrx_word' id='word_1_121' title='bbox 1102 1179 1264 1219; x_wconf 90' lang='lat' dir='ltr'>dicitur</span> <span class='ocrx_word' id='word_1_122' title='bbox 1280 1179 1449 1219; x_wconf 85' lang='lat' dir='ltr'>otiosus</span> <span class='ocrx_word' id='word_1_123' title='bbox 1471 1178 1575 1231; x_wconf 75' lang='lat' dir='ltr'>qnia</span> 
     </span>
     <span class='ocr_line' id='line_1_17' title="bbox 156 1246 1576 1296; baseline -0.001 -8"><span class='ocrx_word' id='word_1_124' title='bbox 156 1262 184 1288; x_wconf 80' lang='lat' dir='ltr'>a</span> <span class='ocrx_word' id='word_1_125' title='bbox 205 1246 348 1288; x_wconf 73' lang='lat' dir='ltr'>labore</span> <span class='ocrx_word' id='word_1_126' title='bbox 366 1253 491 1287; x_wconf 78' lang='lat' dir='ltr'>cesset</span> <span class='ocrx_word' id='word_1_127' title='bbox 511 1246 567 1287; x_wconf 89' lang='lat' dir='ltr'>ad</span> <span class='ocrx_word' id='word_1_128' title='bbox 591 1261 637 1287; x_wconf 92' lang='lat' dir='ltr'>se</span> <span class='ocrx_word' id='word_1_129' title='bbox 662 1247 964 1296; x_wconf 89' lang='lat' dir='ltr'>recreandum,</span> <span class='ocrx_word' id='word_1_130' title='bbox 987 1253 1135 1287; x_wconf 87' lang='lat' dir='ltr'>tamen</span> <span class='ocrx_word' id='word_1_131' title='bbox 1160 1247 1329 1287; x_wconf 88' lang='lat' dir='ltr'>otiosus</span> <span class='ocrx_word' id='word_1_132' title='bbox 1352 1247 1513 1287; x_wconf 92' lang='lat' dir='ltr'>dicitur</span> <span class='ocrx_word' id='word_1_133' title='bbox 1533 1247 1576 1287; x_wconf 87' lang='lat' dir='ltr'>si</span> 
     </span>
     <span class='ocr_line' id='line_1_18' title="bbox 154 1315 1572 1369; baseline -0.001 -13"><span class='ocrx_word' id='word_1_134' title='bbox 154 1322 280 1356; x_wconf 79' lang='lat' dir='ltr'>cesset</span> <span class='ocrx_word' id='word_1_135' title='bbox 298 1330 429 1369; x_wconf 77' lang='lat' dir='ltr'>quum</span> <span class='ocrx_word' id='word_1_136' title='bbox 453 1315 651 1356; x_wconf 73' lang='lat' dir='ltr'>laborare</span> <span class='ocrx_word' id='word_1_137' title='bbox 670 1321 867 1368; x_wconf 69' lang='lat' dir='ltr'>oporteat,</span> <span class='ocrx_word' id='word_1_138' title='bbox 890 1315 952 1356; x_wconf 90' lang='lat' dir='ltr'>ita</span> <span class='ocrx_word' id='word_1_139' title='bbox 975 1315 1174 1357; x_wconf 87' lang='lat' dir='ltr'>actiones</span> <span class='ocrx_word' id='word_1_140' title='bbox 1197 1315 1432 1365; x_wconf 91' lang='lat' dir='ltr'>humanae,</span> <span class='ocrx_word' id='word_1_141' title='bbox 1456 1329 1572 1368; x_wconf 92' lang='lat' dir='ltr'>quae</span> 
     </span>
     <span class='ocr_line' id='line_1_19' title="bbox 155 1383 1572 1433; baseline -0.002 -7"><span class='ocrx_word' id='word_1_142' title='bbox 155 1386 214 1426; x_wconf 89' lang='lat' dir='ltr'>ob</span> <span class='ocrx_word' id='word_1_143' title='bbox 250 1385 391 1425; x_wconf 89' lang='lat' dir='ltr'>solam</span> <span class='ocrx_word' id='word_1_144' title='bbox 430 1384 774 1425; x_wconf 89' lang='lat' dir='ltr'>delectationem</span> <span class='ocrx_word' id='word_1_145' title='bbox 813 1383 1068 1424; x_wconf 86' lang='lat' dir='ltr'>sensibilem</span> <span class='ocrx_word' id='word_1_146' title='bbox 1107 1383 1231 1433; x_wconf 91' lang='lat' dir='ltr'>fiunt,</span> <span class='ocrx_word' id='word_1_147' title='bbox 1264 1384 1433 1424; x_wconf 87' lang='lat' dir='ltr'>otiosae</span> <span class='ocrx_word' id='word_1_148' title='bbox 1470 1397 1572 1424; x_wconf 90' lang='lat' dir='ltr'>cen-</span> 
     </span>
     <span class='ocr_line' id='line_1_20' title="bbox 157 1452 1576 1507; baseline -0.002 -12"><span class='ocrx_word' id='word_1_149' title='bbox 157 1455 323 1495; x_wconf 83' lang='lat' dir='ltr'>sendae</span> <span class='ocrx_word' id='word_1_150' title='bbox 365 1460 467 1494; x_wconf 89' lang='lat' dir='ltr'>sunt</span> <span class='ocrx_word' id='word_1_151' title='bbox 509 1467 646 1506; x_wconf 90' lang='lat' dir='ltr'>quum</span> <span class='ocrx_word' id='word_1_152' title='bbox 690 1454 752 1493; x_wconf 90' lang='lat' dir='ltr'>ita</span> <span class='ocrx_word' id='word_1_153' title='bbox 794 1452 918 1501; x_wconf 84' lang='lat' dir='ltr'>fiunt,</span> <span class='ocrx_word' id='word_1_154' title='bbox 948 1452 1257 1505; x_wconf 71' lang='lat' dir='ltr'>praetermisso</span> <span class='ocrx_word' id='word_1_155' title='bbox 1297 1453 1442 1505; x_wconf 77' lang='lat' dir='ltr'>aliquo</span> <span class='ocrx_word' id='word_1_156' title='bbox 1479 1453 1576 1507; x_wconf 82' lang='lat' dir='ltr'>fine</span> 
     </span>
     <span class='ocr_line' id='line_1_21' title="bbox 157 1522 1090 1578; baseline -0.001 -15"><span class='ocrx_word' id='word_1_157' title='bbox 157 1523 371 1573; x_wconf 70' lang='lat' dir='ltr'>nobiliore,</span> <span class='ocrx_word' id='word_1_158' title='bbox 394 1524 429 1564; x_wconf 90' lang='lat' dir='ltr'>si</span> <span class='ocrx_word' id='word_1_159' title='bbox 453 1525 528 1578; x_wconf 92' lang='lat' dir='ltr'>qui</span> <span class='ocrx_word' id='word_1_160' title='bbox 552 1530 681 1572; x_wconf 89' lang='lat' dir='ltr'>esset,</span> <span class='ocrx_word' id='word_1_161' title='bbox 704 1529 805 1563; x_wconf 74' lang='lat' dir='ltr'>tunc</span> <span class='ocrx_word' id='word_1_162' title='bbox 824 1522 1090 1575; x_wconf 70' lang='lat' dir='ltr'>assequendo.</span> 
     </span>
    </p>

    <p class='ocr_par' dir='ltr' id='par_1_4' title="bbox 155 1590 1574 2333">
     <span class='ocr_line' id='line_1_22' title="bbox 215 1590 1574 1646; baseline -0.001 -13"><span class='ocrx_word' id='word_1_163' title='bbox 215 1593 314 1645; x_wconf 81' lang='lat'><strong>634.</strong></span> <span class='ocrx_word' id='word_1_164' title='bbox 350 1593 469 1633; x_wconf 90' lang='lat' dir='ltr'>Nam</span> <span class='ocrx_word' id='word_1_165' title='bbox 515 1592 735 1646; x_wconf 87' lang='lat' dir='ltr'>quaestio,</span> <span class='ocrx_word' id='word_1_166' title='bbox 774 1598 824 1632; x_wconf 90' lang='lat' dir='ltr'>ut</span> <span class='ocrx_word' id='word_1_167' title='bbox 866 1605 999 1644; x_wconf 88' lang='lat' dir='ltr'>supra</span> <span class='ocrx_word' id='word_1_168' title='bbox 1041 1590 1262 1641; x_wconf 77' lang='lat' dir='ltr'>vidimus,2</span> <span class='ocrx_word' id='word_1_169' title='bbox 1284 1605 1372 1632; x_wconf 90' lang='lat' dir='ltr'>non</span> <span class='ocrx_word' id='word_1_170' title='bbox 1415 1597 1482 1632; x_wconf 93' lang='lat' dir='ltr'>est</span> <span class='ocrx_word' id='word_1_171' title='bbox 1518 1606 1574 1632; x_wconf 90' lang='lat' dir='ltr'>an</span> 
     </span>
     <span class='ocr_line' id='line_1_23' title="bbox 155 1659 1572 1714; baseline -0.001 -13"><span class='ocrx_word' id='word_1_172' title='bbox 155 1668 320 1714; x_wconf 78' lang='lat' dir='ltr'>semper</span> <span class='ocrx_word' id='word_1_173' title='bbox 340 1661 470 1702; x_wconf 83' lang='lat' dir='ltr'>liceat</span> <span class='ocrx_word' id='word_1_174' title='bbox 493 1661 661 1702; x_wconf 91' lang='lat' dir='ltr'>homini</span> <span class='ocrx_word' id='word_1_175' title='bbox 684 1674 816 1713; x_wconf 81' lang='lat' dir='ltr'>agere</span> <span class='ocrx_word' id='word_1_176' title='bbox 838 1660 896 1700; x_wconf 94' lang='lat' dir='ltr'>ob</span> <span class='ocrx_word' id='word_1_177' title='bbox 918 1659 1052 1699; x_wconf 88' lang='lat' dir='ltr'>finem</span> <span class='ocrx_word' id='word_1_178' title='bbox 1075 1674 1185 1712; x_wconf 90' lang='lat' dir='ltr'>pure</span> <span class='ocrx_word' id='word_1_179' title='bbox 1206 1659 1473 1710; x_wconf 85' lang='lat' dir='ltr'>sensibilem,</span> <span class='ocrx_word' id='word_1_180' title='bbox 1495 1661 1572 1700; x_wconf 87' lang='lat' dir='ltr'>sed</span> 
     </span>
     <span class='ocr_line' id='line_1_24' title="bbox 157 1728 1573 1783; baseline -0.001 -13"><span class='ocrx_word' id='word_1_181' title='bbox 157 1743 213 1769; x_wconf 89' lang='lat' dir='ltr'>an</span> <span class='ocrx_word' id='word_1_182' title='bbox 256 1730 386 1770; x_wconf 91' lang='lat' dir='ltr'>liceat</span> <span class='ocrx_word' id='word_1_183' title='bbox 424 1744 616 1783; x_wconf 77' lang='lat' dir='ltr'>unquam</span> <span class='ocrx_word' id='word_1_184' title='bbox 654 1730 716 1769; x_wconf 89' lang='lat' dir='ltr'>ita</span> <span class='ocrx_word' id='word_1_185' title='bbox 753 1742 895 1782; x_wconf 82' lang='lat' dir='ltr'>agere.</span> <span class='ocrx_word' id='word_1_186' title='bbox 976 1728 1051 1769; x_wconf 78' lang='lat' dir='ltr'>Sic</span> <span class='ocrx_word' id='word_1_187' title='bbox 1086 1743 1124 1768; x_wconf 86' lang='lat' dir='ltr'>v.</span> <span class='ocrx_word' id='word_1_188' title='bbox 1165 1742 1205 1781; x_wconf 81' lang='lat' dir='ltr'>g.</span> <span class='ocrx_word' id='word_1_189' title='bbox 1247 1729 1308 1768; x_wconf 91' lang='lat' dir='ltr'>ait</span> <span class='ocrx_word' id='word_1_190' title='bbox 1348 1728 1573 1778; x_wconf 88' lang='lat' dir='ltr'>Mastrius‚</span> 
     </span>
     <span class='ocr_line' id='line_1_25' title="bbox 158 1797 1569 1850; baseline -0.001 -12"><span class='ocrx_word' id='word_1_191' title='bbox 158 1798 240 1838; x_wconf 89' lang='lat' dir='ltr'>etsi</span> <span class='ocrx_word' id='word_1_192' title='bbox 308 1801 329 1818; x_wconf 90' lang='lat'><em>“</em></span> <span class='ocrx_word' id='word_1_193' title='bbox 357 1798 506 1848; x_wconf 85' lang='lat' dir='ltr'>homo,</span> <span class='ocrx_word' id='word_1_194' title='bbox 559 1805 609 1838; x_wconf 67' lang='lat' dir='ltr'>:at</span> <span class='ocrx_word' id='word_1_195' title='bbox 657 1797 917 1850; x_wconf 70' lang='lat' dir='ltr'>plurimum,</span> <span class='ocrx_word' id='word_1_196' title='bbox 968 1802 1150 1849; x_wconf 88' lang='lat' dir='ltr'>propter</span> <span class='ocrx_word' id='word_1_197' title='bbox 1211 1803 1397 1837; x_wconf 88' lang='lat' dir='ltr'>naturae</span> <span class='ocrx_word' id='word_1_198' title='bbox 1462 1810 1569 1837; x_wconf 87' lang='lat' dir='ltr'>suae</span> 
     </span>
     <span class='ocr_line' id='line_1_26' title="bbox 156 1865 1568 1919; baseline 0 -13"><span class='ocrx_word' id='word_1_199' title='bbox 156 1866 458 1907; x_wconf 82' lang='lat' dir='ltr'>conditionem</span> <span class='ocrx_word' id='word_1_200' title='bbox 504 1873 547 1907; x_wconf 86' lang='lat' dir='ltr'>et</span> <span class='ocrx_word' id='word_1_201' title='bbox 594 1867 860 1919; x_wconf 84' lang='lat' dir='ltr'>dignitatem</span> <span class='ocrx_word' id='word_1_202' title='bbox 907 1878 994 1904; x_wconf 86' lang='lat' dir='ltr'>non</span> <span class='ocrx_word' id='word_1_203' title='bbox 1039 1865 1120 1905; x_wconf 88' lang='lat' dir='ltr'>nisi</span> <span class='ocrx_word' id='word_1_204' title='bbox 1157 1866 1293 1919; x_wconf 84' lang='lat' dir='ltr'>digna</span> <span class='ocrx_word' id='word_1_205' title='bbox 1335 1872 1378 1906; x_wconf 87' lang='lat' dir='ltr'>et</span> <span class='ocrx_word' id='word_1_206' title='bbox 1414 1865 1568 1906; x_wconf 91' lang='lat' dir='ltr'>lauda-</span> 
     </span>
     <span class='ocr_line' id='line_1_27' title="bbox 156 1933 1574 1988; baseline 0 -14"><span class='ocrx_word' id='word_1_207' title='bbox 156 1934 262 1975; x_wconf 87' lang='lat' dir='ltr'>bilia</span> <span class='ocrx_word' id='word_1_208' title='bbox 294 1936 465 1988; x_wconf 85' lang='lat' dir='ltr'>operari</span> <span class='ocrx_word' id='word_1_209' title='bbox 504 1935 660 1985; x_wconf 87' lang='lat' dir='ltr'>debet;</span> <span class='ocrx_word' id='word_1_210' title='bbox 699 1948 837 1987; x_wconf 91' lang='lat' dir='ltr'>quum</span> <span class='ocrx_word' id='word_1_211' title='bbox 877 1941 1027 1973; x_wconf 88' lang='lat' dir='ltr'>tamen</span> <span class='ocrx_word' id='word_1_212' title='bbox 1061 1933 1240 1974; x_wconf 87' lang='lat' dir='ltr'>aliunde</span> <span class='ocrx_word' id='word_1_213' title='bbox 1288 1933 1382 1987; x_wconf 87' lang='lat' dir='ltr'>ejus</span> <span class='ocrx_word' id='word_1_214' title='bbox 1414 1940 1574 1974; x_wconf 88' lang='lat' dir='ltr'>natura</span> 
     </span>
     <span class='ocr_line' id='line_1_28' title="bbox 158 2002 1572 2056; baseline 0 -12"><span class='ocrx_word' id='word_1_215' title='bbox 158 2003 323 2056; x_wconf 74' lang='lat' dir='ltr'>fragilis</span> <span class='ocrx_word' id='word_1_216' title='bbox 355 2005 411 2045; x_wconf 91' lang='lat' dir='ltr'>sit</span> <span class='ocrx_word' id='word_1_217' title='bbox 444 2012 487 2046; x_wconf 91' lang='lat' dir='ltr'>et</span> <span class='ocrx_word' id='word_1_218' title='bbox 509 2004 751 2054; x_wconf 75' lang='lat' dir='ltr'>imbecillis,</span> <span class='ocrx_word' id='word_1_219' title='bbox 774 2009 823 2044; x_wconf 92' lang='lat' dir='ltr'>ut</span> <span class='ocrx_word' id='word_1_220' title='bbox 855 2003 916 2043; x_wconf 92' lang='lat' dir='ltr'>ait</span> <span class='ocrx_word' id='word_1_221' title='bbox 951 2002 998 2044; x_wconf 85' lang='lat' dir='ltr'>S.</span> <span class='ocrx_word' id='word_1_222' title='bbox 1032 2003 1360 2056; x_wconf 87' lang='lat' dir='ltr'>Bonaventura‚</span> <span class='ocrx_word' id='word_1_223' title='bbox 1385 2018 1473 2044; x_wconf 91' lang='lat' dir='ltr'>non</span> <span class='ocrx_word' id='word_1_224' title='bbox 1505 2011 1572 2044; x_wconf 90' lang='lat' dir='ltr'>est</span> 
     </span>
     <span class='ocr_line' id='line_1_29' title="bbox 159 2071 1570 2126; baseline -0.001 -14"><span class='ocrx_word' id='word_1_225' title='bbox 159 2078 315 2113; x_wconf 87' lang='lat' dir='ltr'>contra</span> <span class='ocrx_word' id='word_1_226' title='bbox 337 2072 432 2126; x_wconf 89' lang='lat' dir='ltr'>ejus</span> <span class='ocrx_word' id='word_1_227' title='bbox 455 2073 758 2114; x_wconf 84' lang='lat' dir='ltr'>conditionem</span> <span class='ocrx_word' id='word_1_228' title='bbox 780 2071 900 2125; x_wconf 93' lang='lat' dir='ltr'>quod</span> <span class='ocrx_word' id='word_1_229' title='bbox 926 2071 1143 2111; x_wconf 73' lang='lat' dir='ltr'>interdum</span> <span class='ocrx_word' id='word_1_230' title='bbox 1166 2078 1300 2113; x_wconf 81' lang='lat' dir='ltr'>exeat</span> <span class='ocrx_word' id='word_1_231' title='bbox 1322 2073 1365 2112; x_wconf 92' lang='lat' dir='ltr'>in</span> <span class='ocrx_word' id='word_1_232' title='bbox 1389 2072 1570 2125; x_wconf 85' lang='lat' dir='ltr'>aliquod</span> 
     </span>
     <span class='ocr_line' id='line_1_30' title="bbox 156 2140 1571 2195; baseline -0.001 -13"><span class='ocrx_word' id='word_1_233' title='bbox 156 2154 281 2195; x_wconf 91' lang='lat' dir='ltr'>opus,</span> <span class='ocrx_word' id='word_1_234' title='bbox 304 2142 339 2182; x_wconf 92' lang='lat' dir='ltr'>si</span> <span class='ocrx_word' id='word_1_235' title='bbox 363 2155 451 2182; x_wconf 94' lang='lat' dir='ltr'>non</span> <span class='ocrx_word' id='word_1_236' title='bbox 476 2142 618 2191; x_wconf 88' lang='lat' dir='ltr'>laude,</span> <span class='ocrx_word' id='word_1_237' title='bbox 643 2155 723 2181; x_wconf 91' lang='lat' dir='ltr'>nec</span> <span class='ocrx_word' id='word_1_238' title='bbox 747 2142 881 2181; x_wconf 86' lang='lat' dir='ltr'>etiam</span> <span class='ocrx_word' id='word_1_239' title='bbox 906 2140 1135 2193; x_wconf 87' lang='lat' dir='ltr'>vituperio,</span> <span class='ocrx_word' id='word_1_240' title='bbox 1160 2140 1415 2194; x_wconf 82' lang='lat' dir='ltr'>dignum&#39;&#39;:³</span> <span class='ocrx_word' id='word_1_241' title='bbox 1437 2147 1571 2194; x_wconf 86' lang='lat' dir='ltr'>atque</span> 
     </span>
     <span class='ocr_line' id='line_1_31' title="bbox 157 2209 1568 2264; baseline -0.001 -14"><span class='ocrx_word' id='word_1_242' title='bbox 157 2215 206 2250; x_wconf 92' lang='lat' dir='ltr'>ut</span> <span class='ocrx_word' id='word_1_243' title='bbox 238 2210 300 2250; x_wconf 92' lang='lat' dir='ltr'>ait</span> <span class='ocrx_word' id='word_1_244' title='bbox 333 2210 536 2264; x_wconf 81' lang='lat' dir='ltr'>Arriaga,</span> <span class='ocrx_word' id='word_1_245' title='bbox 570 2216 883 2263; x_wconf 79' lang='lat' dir='ltr'>argumentum</span> <span class='ocrx_word' id='word_1_246' title='bbox 919 2222 961 2251; x_wconf 86' lang='lat' dir='ltr'>n.</span> <span class='ocrx_word' id='word_1_247' title='bbox 997 2209 1093 2260; x_wconf 85' lang='lat'>632.</span> <span class='ocrx_word' id='word_1_248' title='bbox 1130 2210 1343 2250; x_wconf 90' lang='lat' dir='ltr'>traditum</span> <span class='ocrx_word' id='word_1_249' title='bbox 1379 2209 1568 2258; x_wconf 81' lang='lat' dir='ltr'>solvens,</span> 
     </span>
     <span class='ocr_line' id='line_1_32' title="bbox 157 2278 1573 2333; baseline -0.001 -14"><span class='ocrx_word' id='word_1_250' title='bbox 157 2279 388 2320; x_wconf 87' lang='lat' dir='ltr'>“admiror</span> <span class='ocrx_word' id='word_1_251' title='bbox 414 2279 520 2320; x_wconf 89' lang='lat' dir='ltr'>illud</span> <span class='ocrx_word' id='word_1_252' title='bbox 555 2286 896 2333; x_wconf 80' lang='lat' dir='ltr'>argumentum;</span> <span class='ocrx_word' id='word_1_253' title='bbox 929 2278 1024 2331; x_wconf 85' lang='lat' dir='ltr'>ejus</span> <span class='ocrx_word' id='word_1_254' title='bbox 1057 2279 1174 2319; x_wconf 85' lang='lat' dir='ltr'>enim</span> <span class='ocrx_word' id='word_1_255' title='bbox 1208 2285 1410 2320; x_wconf 89' lang='lat' dir='ltr'>auctores</span> <span class='ocrx_word' id='word_1_256' title='bbox 1444 2284 1573 2331; x_wconf 84' lang='lat' dir='ltr'>puta-</span> 
     </span>
    </p>
   </div>
   <div class='ocr_carea' id='block_1_4' title="bbox 161 2388 1574 2613">
    <p class='ocr_par' dir='ltr' id='par_1_5' title="bbox 161 2388 1574 2529">
     <span class='ocr_line' id='line_1_33' title="bbox 202 2388 1571 2441; baseline -0.001 -12"><span class='ocrx_word' id='word_1_257' title='bbox 202 2400 212 2419; x_wconf 81' lang='lat'>1</span> <span class='ocrx_word' id='word_1_258' title='bbox 231 2400 310 2431; x_wconf 79' lang='lat' dir='ltr'>Vid.</span> <span class='ocrx_word' id='word_1_259' title='bbox 324 2400 471 2441; x_wconf 75' lang='lat' dir='ltr'>Struggl.</span> <span class='ocrx_word' id='word_1_260' title='bbox 485 2400 588 2431; x_wconf 81' lang='lat' dir='ltr'>leeol.</span> <span class='ocrx_word' id='word_1_261' title='bbox 602 2400 776 2437; x_wconf 75' lang='lat' dir='ltr'>Universa,</span> <span class='ocrx_word' id='word_1_262' title='bbox 796 2399 882 2429; x_wconf 84' lang='lat' dir='ltr'>Part.</span> <span class='ocrx_word' id='word_1_263' title='bbox 901 2406 927 2427; x_wconf 82' lang='grc' dir='ltr'>ῐ.</span> <span class='ocrx_word' id='word_1_264' title='bbox 944 2403 1038 2428; x_wconf 78' lang='lat' dir='ltr'>tract.</span> <span class='ocrx_word' id='word_1_265' title='bbox 1052 2398 1094 2428; x_wconf 86' lang='lat' dir='ltr'>iv.</span> <span class='ocrx_word' id='word_1_266' title='bbox 1110 2399 1197 2440; x_wconf 88' lang='lat' dir='ltr'>disp.</span> <span class='ocrx_word' id='word_1_267' title='bbox 1210 2398 1252 2429; x_wconf 93' lang='lat' dir='ltr'>iv.</span> <span class='ocrx_word' id='word_1_268' title='bbox 1268 2410 1299 2429; x_wconf 93' lang='lat' dir='ltr'>n.</span> <span class='ocrx_word' id='word_1_269' title='bbox 1317 2407 1374 2437; x_wconf 85' lang='lat'>14;</span> <span class='ocrx_word' id='word_1_270' title='bbox 1407 2388 1450 2428; x_wconf 71' lang='lat' dir='ltr'>As</span> <span class='ocrx_word' id='word_1_271' title='bbox 1464 2399 1571 2438; x_wconf 76' lang='lat' dir='ltr'>Mayr⁷</span> 
     </span>
     <span class='ocr_line' id='line_1_34' title="bbox 165 2442 1574 2484; baseline -0.002 -10"><span class='ocrx_word' id='word_1_272' title='bbox 165 2444 274 2474; x_wconf 78' lang='lat' dir='ltr'>Tract.</span> <span class='ocrx_word' id='word_1_273' title='bbox 302 2445 339 2474; x_wconf 82' lang='lat' dir='ltr'>de</span> <span class='ocrx_word' id='word_1_274' title='bbox 364 2445 440 2474; x_wconf 82' lang='lat' dir='ltr'><em>Act.</em></span> <span class='ocrx_word' id='word_1_275' title='bbox 464 2444 648 2479; x_wconf 74' lang='lat' dir='ltr'>Humanis,</span> <span class='ocrx_word' id='word_1_276' title='bbox 673 2443 769 2484; x_wconf 88' lang='lat' dir='ltr'>Disp.</span> <span class='ocrx_word' id='word_1_277' title='bbox 798 2442 819 2472; x_wconf 90' lang='lat' dir='ltr'>i.</span> <span class='ocrx_word' id='word_1_278' title='bbox 839 2448 967 2482; x_wconf 85' lang='lat' dir='ltr'>quaest.</span> <span class='ocrx_word' id='word_1_279' title='bbox 987 2442 1036 2473; x_wconf 90' lang='lat' dir='ltr'>iii.</span> <span class='ocrx_word' id='word_1_280' title='bbox 1063 2453 1121 2473; x_wconf 89' lang='lat' dir='ltr'>nn.</span> <span class='ocrx_word' id='word_1_281' title='bbox 1149 2442 1225 2473; x_wconf 72' lang='lat' dir='ltr'>2c8.</span> <span class='ocrx_word' id='word_1_282' title='bbox 1245 2448 1277 2474; x_wconf 87' lang='lat' dir='ltr'>et</span> <span class='ocrx_word' id='word_1_283' title='bbox 1293 2453 1363 2483; x_wconf 87' lang='lat' dir='ltr'>seq.</span> <span class='ocrx_word' id='word_1_284' title='bbox 1380 2451 1387 2479; x_wconf 89' lang='lat'>;</span> <span class='ocrx_word' id='word_1_285' title='bbox 1405 2442 1500 2479; x_wconf 74' lang='lat' dir='ltr'>Vixa,</span> <span class='ocrx_word' id='word_1_286' title='bbox 1521 2442 1574 2472; x_wconf 74' lang='lat' dir='ltr'>De</span> 
     </span>
     <span class='ocr_line' id='line_1_35' title="bbox 161 2484 939 2529; baseline -0.003 -12"><span class='ocrx_word' id='word_1_287' title='bbox 161 2488 237 2517; x_wconf 80' lang='lat' dir='ltr'><em>Act.</em></span> <span class='ocrx_word' id='word_1_288' title='bbox 255 2487 441 2526; x_wconf 83' lang='lat' dir='ltr'>Humanis,</span> <span class='ocrx_word' id='word_1_289' title='bbox 464 2488 560 2529; x_wconf 87' lang='lat' dir='ltr'>Disp.</span> <span class='ocrx_word' id='word_1_290' title='bbox 583 2494 614 2526; x_wconf 93' lang='lat'>7.</span> <span class='ocrx_word' id='word_1_291' title='bbox 634 2493 766 2528; x_wconf 85' lang='lat' dir='ltr'>quaest.</span> <span class='ocrx_word' id='word_1_292' title='bbox 786 2485 831 2516; x_wconf 90' lang='lat' dir='ltr'>iii.</span> <span class='ocrx_word' id='word_1_293' title='bbox 854 2496 885 2516; x_wconf 86' lang='lat' dir='ltr'>n.</span> <span class='ocrx_word' id='word_1_294' title='bbox 906 2484 939 2515; x_wconf 84' lang='lat'>8.</span> 
     </span>
    </p>

    <p class='ocr_par' dir='ltr' id='par_1_6' title="bbox 201 2531 588 2572">
     <span class='ocr_line' id='line_1_36' title="bbox 201 2531 588 2572; baseline 0 -11"><span class='ocrx_word' id='word_1_295' title='bbox 201 2531 214 2550; x_wconf 79' lang='lat'><strong>²</strong></span> <span class='ocrx_word' id='word_1_296' title='bbox 231 2531 309 2561; x_wconf 83' lang='lat' dir='ltr'>vid.</span> <span class='ocrx_word' id='word_1_297' title='bbox 329 2542 438 2572; x_wconf 87' lang='lat' dir='ltr'>supra,</span> <span class='ocrx_word' id='word_1_298' title='bbox 460 2541 493 2561; x_wconf 85' lang='lat' dir='ltr'>n.</span> <span class='ocrx_word' id='word_1_299' title='bbox 513 2531 588 2570; x_wconf 89' lang='lat'>629.</span> 
     </span>
    </p>

    <p class='ocr_par' dir='ltr' id='par_1_7' title="bbox 201 2571 1348 2613">
     <span class='ocr_line' id='line_1_37' title="bbox 201 2571 1348 2613; baseline -0.002 -8"><span class='ocrx_word' id='word_1_300' title='bbox 201 2574 214 2593; x_wconf 75' lang='lat'>²³</span> <span class='ocrx_word' id='word_1_301' title='bbox 232 2574 401 2612; x_wconf 82' lang='lat' dir='ltr'>Mastrius‚</span> <span class='ocrx_word' id='word_1_302' title='bbox 427 2575 483 2606; x_wconf 86' lang='lat' dir='ltr'>Tr.</span> <span class='ocrx_word' id='word_1_303' title='bbox 501 2574 619 2606; x_wconf 77' lang='lat' dir='ltr'><em>deAct.</em></span> <span class='ocrx_word' id='word_1_304' title='bbox 634 2572 818 2609; x_wconf 57' lang='lat' dir='ltr'>ffiaemczmk,</span> <span class='ocrx_word' id='word_1_305' title='bbox 840 2571 936 2612; x_wconf 65' lang='lat' dir='ltr'>Disp.</span> <span class='ocrx_word' id='word_1_306' title='bbox 955 2578 983 2612; x_wconf 83' lang='lat'>5.</span> <span class='ocrx_word' id='word_1_307' title='bbox 1006 2578 1135 2613; x_wconf 67' lang='lat' dir='ltr'>quaest.</span> <span class='ocrx_word' id='word_1_308' title='bbox 1156 2573 1200 2603; x_wconf 88' lang='lat' dir='ltr'>vi.</span> <span class='ocrx_word' id='word_1_309' title='bbox 1220 2583 1252 2603; x_wconf 92' lang='lat' dir='ltr'>n.</span> <span class='ocrx_word' id='word_1_310' title='bbox 1272 2580 1348 2613; x_wconf 85' lang='lat'><strong>327.</strong></span> 
     </span>
    </p>
   </div>
  </div>
 </body>
</html>
