1716 2729
107 118 177 146 nn.
203 116 269 158 29,
295 105 379 159 30.]
543 107 596 148 de
615 107 800 148 Actibus
819 108 1057 149 Humanis.
1435 112 1513 162 189

165 230 260 272 529.
296 221 430 262 Unde
463 222 525 263 ait
559 223 604 264 S.
627 222 912 277 Augustinus
931 222 1184 276 :1—-“Pej0r
1215 231 1281 266 est
1303 227 1375 278 qui
1410 240 1509 266 con-

102 291 387 342 cupiscendo,
452 305 587 344 quam
659 292 734 344 qui
806 292 1074 341 miserando,
1148 291 1352 333 furatur.''
1453 294 1513 334 Et

113 358 156 399 S.
199 359 396 399 Thomas
417 358 528 400 :2—“
544 358 727 412 Quanto
763 360 931 401 bonum
974 361 1195 401 intentum
1237 367 1304 400 est
1345 362 1518 412 melius,

106 432 235 467 tanto
267 428 408 481 magis
431 428 642 469 minuitur
662 428 793 482 culpa
816 428 1077 471 mendacii.''

167 504 260 547 530.
299 496 385 537 Hic
441 496 635 549 denique
695 510 797 537 cum
853 498 1081 539 communi
1139 498 1361 538 sententia
1417 499 1511 539 TT.

103 564 547 605 animadvertendum
581 571 648 605 est
682 566 897 607 malitiam
931 574 1056 607 actus
1089 580 1177 607 non
1200 567 1262 607 ita
1290 567 1352 606 sic
1375 568 1512 608 minui

102 638 151 673 ut
179 638 409 686 peccatum
444 633 499 673 de
532 634 708 674 mortali
747 635 823 676 fiat
846 641 1020 676 tantum
1046 634 1224 675 veniale.
1290 635 1424 676 Ratio
1447 644 1513 676 est

108 701 212 753 quia
234 700 332 741 finis
356 702 642 755 quantumvis
664 702 806 743 bonus
830 717 916 744 non
950 704 1108 744 minuit
1131 703 1347 744 malitiam
1369 706 1513 758 operis

109 769 350 810 minuendo
383 770 602 810 malitiam
639 771 796 824 offecti,
834 773 910 812 sed
950 772 1192 812 minuendo
1225 771 1425 824 affictum
1456 774 1512 814 ad

101 836 255 887 illam;
322 851 459 891 quum
516 839 652 892 igitur
706 839 933 892 objectum
995 854 1053 880 ex
1106 853 1154 880 se
1210 841 1266 881 sit
1318 841 1514 894 graviter

105 906 482 958 peccaminosum,
507 912 641 959 atque
665 914 789 948 actus
813 908 949 948 libere
972 914 1234 948 exerceatur
1255 923 1355 949 cum
1378 909 1511 963 plena

104 973 358 1025 cognitione
381 973 577 1014 malitiae
610 981 654 1015 et
685 989 785 1015 cum
819 975 1070 1016 voluntario
1102 975 1163 1028 (n.
1190 980 1274 1029 55.)
1302 977 1511 1029 perfecto,

105 1040 236 1094 plane
257 1042 421 1082 adsunt
443 1042 594 1082 omnia
616 1044 670 1083 ad
695 1050 928 1096 peccatum
954 1044 1141 1085 mortale
1162 1044 1404 1098 requisita.3

160 1118 254 1161 531.
288 1109 481 1163 QUAER.
514 1115 570 1162 4⁰.
595 1112 671 1152 An
697 1113 841 1164 possit
867 1119 989 1153 actus
1018 1113 1158 1153 simul
1183 1127 1269 1153 esse
1301 1113 1434 1154 bonus
1472 1121 1514 1156 et

100 1179 281 1220 malus?

161 1257 254 1299 532.
288 1248 546 1301 Antequam
580 1249 901 1302 respondeatur
928 1250 1175 1290 notandum
1200 1258 1266 1291 θεῖ
1295 1256 1334 1291 1⁰
1355 1266 1511 1304 quaes-

98 1317 268 1357 tionem
292 1330 380 1357 non
402 1331 497 1357 esse
520 1318 576 1358 de
595 1323 765 1358 externo
785 1324 887 1359 actu
925 1325 1144 1372 quatenus
1165 1334 1217 1360 ex
1244 1321 1413 1362 duabus
1433 1329 1511 1363 aut

97 1398 149 1425 ex
172 1384 378 1438 pluribus
408 1385 702 1426 voluntatibus
717 1386 915 1439 pendeat,
946 1393 994 1427 ut
1016 1401 1101 1440 mg.
1133 1401 1270 1440 quum
1303 1389 1509 1440 famulus,

99 1453 206 1494 hero
235 1453 433 1505 jubente,
465 1454 798 1507 eleemosynam
831 1455 1101 1509 pauperibus
1133 1456 1341 1509 largitur:
1384 1466 1508 1511 patet

101 1523 219 1563 enim
243 1521 349 1561 nihil
372 1523 550 1562 obstare
567 1523 804 1575 quominus
826 1523 1082 1575 hujusmodi
1100 1531 1225 1565 actus
1247 1531 1342 1565 tum
1366 1526 1506 1567 bonus

101 1591 157 1631 sit
178 1597 274 1631 tum
307 1589 462 1637 malus,
486 1591 630 1631 bonus
661 1605 745 1644 v.g.
770 1597 990 1644 quatenus
1022 1592 1246 1645 perficitur
1277 1608 1302 1634 a
1338 1594 1506 1636 famulo

100 1660 175 1714 qui
198 1659 527 1712 eleemosynam
558 1673 616 1699 ex
639 1659 806 1699 motivo
829 1659 1057 1700 charitatis
1079 1667 1157 1701 aut
1180 1662 1505 1704 misericordiae

100 1729 294 1782 largitur,
330 1734 465 1781 atque
506 1727 649 1768 malus
691 1734 911 1781 quatenus
954 1730 1156 1781 provenit
1189 1730 1246 1770 ab
1283 1730 1389 1772 hero
1430 1734 1504 1785 qui

99 1844 237 1876 himself
248 1844 328 1875 with
344 1855 364 1875 a
378 1844 467 1885 good
483 1844 677 1875 conscience
694 1849 728 1875 to
755 1844 815 1875 tell
835 1855 856 1875 a
881 1844 987 1886 single
1012 1845 1056 1876 lie
1080 1869 1086 1874 .
1101 1869 1107 1874 .
1131 1856 1192 1876 nor
1208 1852 1350 1887 attempt
1367 1858 1386 1877 a
1402 1847 1504 1889 slight

103 1888 195 1925 thest,
215 1898 275 1919 nor
291 1898 443 1929 compass
457 1899 476 1918 a
493 1887 618 1929 trifling
633 1887 742 1921 fraud,

149 1932 257 1962 “Not
273 1931 350 1971 only
366 1931 451 1962 this:
471 1931 528 1962 but
557 1942 643 1962 were
669 1931 695 1962 it
722 1931 755 1961 in
782 1931 872 1962 one's
898 1942 1012 1972 power
1033 1937 1067 1962 to
1095 1932 1193 1972 bring
1216 1937 1251 1964 to
1278 1933 1334 1965 the
1361 1933 1443 1966 saith
1471 1936 1507 1967 of

102 1975 226 2012 Christ,
247 1975 289 2015 by
305 1985 419 2005 means
446 1974 485 2005 of
507 1974 589 2006 such
616 1985 636 2005 a
663 1974 726 2013 sin,
745 1974 790 2005 all
814 1974 916 2015 Jews,
936 1975 1081 2013 Tartars‚
1100 1976 1221 2014 Turks,
1243 1976 1404 2016 Gentiles,
1423 1979 1456 2010 in
1485 1991 1504 2010 a

102 2019 205 2056 word,
226 2017 271 2049 all
295 2017 351 2049 the
376 2018 506 2049 nations
535 2018 712 2050 rebellious
739 2022 774 2049 to
802 2017 906 2049 God's
935 2018 1037 2055 word,
1054 2029 1117 2050 one
1144 2025 1266 2051 cannot
1292 2031 1330 2052 so
1357 2027 1421 2058 act,
1443 2034 1504 2054 nor

101 2062 214 2093 would
229 2061 306 2093 God
323 2062 364 2092 be
389 2061 523 2101 obliged
548 2062 600 2092 for
623 2061 704 2093 such
730 2062 936 2096 conversion,
952 2062 1012 2093 but
1042 2062 1155 2093 would
1188 2063 1309 2104 punish
1333 2075 1397 2095 one
1423 2067 1503 2098 with

102 2107 180 2147 pain
196 2105 262 2136 and
278 2104 435 2146 suffering
450 2115 487 2136 so
503 2115 615 2137 severe
642 2116 678 2136 as
704 2104 800 2136 those
825 2105 862 2136 of
888 2105 1082 2146 Purgatory,
1103 2106 1210 2137 which
1238 2117 1370 2148 surpass
1385 2108 1430 2140 all
1449 2110 1504 2141 the

102 2154 264 2181 torments
280 2147 317 2178 of
330 2148 395 2179 this
412 2147 550 2179 world.''

147 2193 220 2223 Nec
244 2202 324 2223 sane
347 2191 587 2233 praetereunda
611 2196 687 2223 sunt
711 2191 813 2223 verba
839 2191 942 2233 Gury,
967 2192 1121 2230 auctoris,
1142 2198 1210 2223 tam
1236 2199 1370 2230 temere,
1386 2200 1421 2226 ut
1433 2196 1504 2236 jam

103 2236 256 2271 vidimus,
273 2234 365 2266 citati
381 2235 474 2276 quasi
498 2235 685 2266 doctrinam
708 2245 807 2276 supra
823 2235 1036 2276 reprobatam
1060 2244 1301 2277 propugnasset
1316 2239 1397 2268 z—-“
1409 2239 1504 2270 Nun-

104 2277 242 2322 quam,’'
259 2278 317 2316 ait,
338 2279 362 2293 ‘⁶
373 2277 422 2309 fas
434 2284 483 2310 est
494 2278 619 2310 malum
634 2279 853 2319 quantumvis
865 2279 932 2310 leve
949 2284 1079 2319 patrare
1102 2280 1145 2310 ad
1162 2280 1280 2310 bonum
1296 2281 1508 2323 quodcunque

103 2322 369 2364 procurandum:
395 2332 472 2352 nam
485 2321 580 2362 juxta
604 2322 836 2364 pervulgatum
859 2322 992 2353 axioma
1014 2333 1054 2354 ex
1079 2323 1245 2363 Apostolo
1268 2325 1503 2366 depromptum

104 2367 218 2405 (Rom.
237 2365 286 2396 iii.
304 2363 363 2406 8.)‚
384 2365 571 2406 Nunquam
586 2370 666 2396 sunt
675 2366 836 2406 facienda
853 2366 952 2402 mala,
969 2370 1007 2396 ut
1027 2367 1180 2397 eveniant
1201 2367 1294 2398 bona.
1345 2368 1398 2399 Sic
1415 2380 1504 2402 men-

102 2410 156 2441 tiri
184 2409 246 2440 tibi
268 2419 335 2440 non
359 2408 447 2446 licet,
474 2408 573 2439 etiam
597 2409 640 2439 ad
664 2409 766 2440 vitam
791 2409 935 2440 hominis
961 2408 1197 2443 salvandam.”
1247 2410 1351 2452 Gury,
1372 2413 1460 2444 Part.
1479 2414 1500 2446 i.

103 2465 134 2485 n.
156 2453 186 2483 6.
205 2462 252 2493 3⁰·
302 2451 379 2483 Vid.
396 2459 503 2488 antea,
520 2462 554 2482 n.
576 2460 648 2492 142.

148 2496 155 2517 ¹
176 2496 249 2527 Lib.
266 2500 381 2526 contra
401 2495 624 2532 Mendacium,
641 2506 715 2537 cap.
733 2495 762 2527 8.

147 2539 160 2558 ²
172 2541 325 2577 Summa,
343 2547 376 2569 2.
394 2546 440 2572 2..
460 2538 600 2579 Quaest.
621 2547 694 2570 110.
708 2544 769 2571 art.
789 2548 821 2570 2.

144 2584 158 2603 ³
175 2583 251 2614 Vid.
273 2593 342 2624 v.g.
363 2581 473 2620 Perin,
499 2582 556 2613 Tr.
574 2581 612 2613 de
624 2585 698 2615 Act.
721 2583 902 2622 Humanis,
922 2582 1057 2623 Quaest.
1073 2592 1105 2622 4.
1125 2587 1185 2615 art.
1204 2583 1250 2614 iii.
1269 2584 1287 2622 ἓ
1308 2592 1335 2616 ῐ.
