1716 2729
675 59 725 100 de
746 61 784 100 A
793 61 927 102 ctibns
947 63 1184 106 Humanis.
1537 82 1560 111 2
1569 80 1622 125 59

267 173 379 208 Ratio
397 179 453 208 est
471 173 558 218 quia
576 184 650 218 quo
669 174 788 219 magis
807 175 1009 221 impeditur
1026 190 1114 213 usus
1133 180 1299 221 rationis,
1319 182 1401 224 (etsi
1421 186 1622 230 propensio

217 219 333 265 ipsius
351 220 552 255 voluntatis
583 224 769 266 augetur),
802 234 847 257 eo
873 225 995 269 magis
1025 226 1203 262 minuitur
1220 229 1482 266 voluntarium.
1511 232 1624 277 [293—

217 267 316 312 296]

264 343 523 380 PRINC1P1UM
556 347 606 381 II.
635 347 938 392 Concupiscentia
971 361 1217 396 consequens,
1251 355 1372 389 eodem
1410 357 1515 391 modo
1548 370 1620 403 quo

216 391 458 433 antecedens,
475 395 617 427 minuit
631 399 700 428 ant
717 397 820 429 tollit
836 398 1099 432 voluntarium
1119 399 1155 432 in
1183 411 1222 434 se
1242 412 1249 434 z
1275 413 1391 446 neque
1415 405 1517 438 tollit
1532 417 1620 440 vero

215 447 331 481 neque
348 440 489 474 minuit
505 441 766 475 voluntarium
786 442 820 476 in
842 455 965 478 causa.

263 485 375 519 Ratio
393 486 525 530 prioris
551 487 666 532 partis
692 496 748 523 est
775 490 862 534 quia
880 492 1197 536 concupiscentia,
1217 493 1293 529 sive
1320 497 1533 532 antecedens
1549 506 1618 540 est,

213 529 292 565 sive
310 542 537 578 consequens,
556 534 710 569 omnino
728 537 861 571 eodem
880 538 993 573 modo
1011 539 1047 573 in
1065 541 1314 575 voluntarium
1333 542 1463 578 influit.
1507 546 1618 581 Ratio

213 577 364 613 alterius
394 581 509 624 partis
539 588 595 616 est
614 582 700 626 quia
728 583 765 617 in
796 585 1101 630 concupiscentia
1127 591 1363 633 consequendi
1387 598 1509 635 potest
1537 593 1617 637 ipse

212 624 379 660 defectus
398 628 592 662 voluntarii
612 641 695 664 esse
712 631 754 664 z'n
771 642 884 665 causa
901 633 1055 668 omnino
1072 634 1315 670 voluntarius.
1368 638 1472 682 Quae
1491 640 1617 675 omnia

211 671 414 716 respiciunt
433 686 508 709 non
527 677 647 710 solum
666 685 835 721 peccata,
853 680 920 714 sed
939 687 974 714 et
993 688 1098 715 actus
1117 682 1272 717 virtutis.
1304 682 1513 731 [296-301.]

259 742 324 776 Ex
342 750 478 777 DICTIS
496 751 703 779 RESOLVES
726 745 762 778 1⁰
789 747 913 781 minus
932 747 1148 794 delinquere
1175 761 1239 785 eos
1265 751 1326 796 qui
1354 764 1430 787 non
1460 763 1616 798 peccent

209 783 282 823 nisi
300 789 402 832 gravi
421 790 597 834 passione
611 791 740 826 victos.
792 794 863 827 Vix
888 806 1054 840 unquam
1080 805 1206 831 tamen
1233 798 1357 834 evenit
1376 808 1412 835 ut
1440 803 1615 848 concupi-

211 836 356 871 scentia
374 836 427 870 sic
446 837 627 871 malitiam
647 840 843 874 mortalem
862 842 976 876 tollat.
1008 842 1105 887 [302‚
1130 843 1195 888 10.]

258 882 303 917 2⁰.
333 883 495 918 Facilius
524 886 679 919 concedi
708 887 845 921 debere
873 888 1175 933 dispensationes
1205 900 1376 928 votorum
1404 906 1510 940 quae,
1529 908 1613 941 pas-

209 929 315 964 sione
334 930 560 975 impellente,
579 933 719 967 emissa
738 933 823 968 sint.
853 934 951 980 [3o2‚
971 936 1044 981 2⁰.]

255 999 344 1032 Non
370 999 443 1039 hic,
461 999 527 1034 sed
554 1000 591 1034 in
618 1002 796 1036 Tractatu
822 1004 866 1036 de
890 1005 1064 1049 Peccatz's,
1085 1007 1273 1049 agendum
1299 1016 1356 1043 est
1374 1010 1420 1044 de
1440 1013 1614 1058 concupi-

206 1045 350 1080 scentia
367 1053 563 1091 quatenus‚
582 1048 704 1092 priore
732 1061 844 1084 sensu
870 1052 1050 1096 exposito,
1077 1053 1249 1098 designat
1269 1056 1437 1092 fomitem
1456 1060 1613 1103 peccati.

199 1090 317 1138 [303]

752 1181 771 1228 ξ
795 1191 830 1226 3.
861 1180 926 1217 De
952 1181 1080 1219 Metu.

253 1244 415 1288 QUAER.
446 1253 490 1280 10.
521 1245 626 1290 Quid
637 1249 688 1281 sit
705 1252 823 1282 metus
837 1250 856 1283 .?

251 1313 370 1347 RESP.
401 1314 470 1347 Est
496 1315 675 1349 instanlis
701 1317 914 1361 vessulam·
929 1321 994 1363 pm
1002 1321 1097 1355 iculi
1118 1333 1231 1357 cansa
1250 1327 1383 1359 mentis
1400 1328 1612 1371 ίνιζρῑιιίιίίυ,

201 1370 279 1402 seu,
298 1360 379 1394 aliis
399 1360 532 1404 verbis,
553 1369 608 1396 est
628 1365 762 1396 mensis
779 1366 980 1409 trept'dcttz'o
1004 1373 1134 1402 exorsa
1150 1382 1198 1403 ex
1212 1373 1501 1415 apprehensione
1518 1377 1615 1409 mali

199 1408 381 1441 instantis
405 1409 468 1442 vel
481 1409 627 1451 suturi-
682 1410 755 1444 Hic
773 1411 895 1456 agitur
912 1424 986 1447 non
1007 1416 1127 1449 solum
1148 1417 1207 1459 (a)
1228 1418 1274 1452 de
1293 1420 1429 1454 mentis
1446 1422 1607 1466 trepida-

201 1453 303 1488 tione
337 1466 411 1499 qua
444 1455 640 1490 facultates
674 1457 789 1491 animi
826 1462 1088 1502 perturbantur
1120 1464 1217 1498 adeo
1251 1472 1289 1500 ut
1323 1478 1439 1511 agens
1474 1470 1606 1504 saltem

199 1500 434 1546 aliquatenus
469 1502 627 1547 incapax
661 1504 724 1538 fiat
759 1505 930 1541 eliciendi
958 1516 1083 1543 actum
1113 1511 1332 1554 humanum,
1362 1515 1429 1548 sed
1457 1515 1609 1561 insuper

200 1548 256 1591 (b)
284 1549 331 1582 de
349 1560 393 1582 ea
411 1560 485 1594 qua
504 1551 624 1584 solent
643 1551 814 1586 homines
842 1553 892 1588 ita
911 1556 1037 1590 animo
1055 1557 1151 1592 affici
1179 1566 1218 1592 ut
1244 1560 1292 1594 ob
1311 1562 1450 1595 malum
1470 1574 1604 1608 appre-

197 1595 357 1629 hensum
377 1604 597 1631 moveantur
615 1599 663 1632 ad
682 1600 872 1642 agendum
890 1601 964 1636 alio
982 1604 1096 1638 modo
1116 1616 1229 1649 quam
1248 1606 1413 1651 egissent
1432 1609 1460 1643 si
1482 1618 1603 1646 metus

196 1642 388 1677 abfuisset.
418 1643 626 1689 [304-305.]

222 1723 225 1725 Δ
244 1706 405 1750 QUAER.
426 1705 479 1742 2⁰.
510 1708 698 1752 Quomodo
716 1710 980 1756 distinguatur
994 1718 1113 1748 melus
1126 1716 1146 1749 ?

242 1769 361 1804 RESP.
389 1771 459 1804 Est
482 1770 520 1804 1O
541 1774 680 1817 gravis
697 1775 754 1807 vel
773 1775 875 1809 levis.
929 1777 1034 1821 Quae
1061 1778 1195 1814 divisio
1214 1781 1367 1828 intelligi
1394 1792 1600 1828 potestant

193 1817 390 1860 subjective
407 1825 470 1852 aut
488 1818 669 1863 objectiva
701 1819 910 1867 [306-308.]

243 1865 442 1907 Spectatus
475 1866 682 1910 subjective,
717 1880 780 1902 seu
812 1870 956 1905 ratione
990 1873 1194 1915 cfflclz'om‘s
1235 1876 1357 1920 reipsa
1393 1877 1428 1912 in
1471 1887 1597 1916 mente

193 1917 354 1954 exortae,
373 1920 494 1946 metus
525 1913 562 1946 in
587 1925 747 1958 gravem
774 1923 810 1950 et
839 1918 956 1951 levem
984 1919 1222 1964 distinguitur
1239 1924 1372 1958 eodem
1391 1937 1502 1960 sensu
1523 1939 1596 1972 quo

192 1956 244 1991 ita
270 1956 509 2002 distinguitur
535 1961 860 2005 concupiscentia;
888 1976 962 2009 quo
991 1977 1104 2001 sensu
1129 1968 1189 2002 hic
1215 1977 1337 2013 potest
1363 1974 1446 2006 esse
1472 1985 1597 2010 sermo

192 2015 341 2049 quoque
359 2005 405 2039 de
424 2013 524 2040 metu
536 2009 779 2051 gravissimo.
833 2011 958 2045 Metus
975 2013 1322 2059 substetz'vegmws
1338 2026 1461 2062 potest
1480 2021 1593 2056 etiam

192 2050 348 2095 intelligi
376 2053 423 2086 de
451 2064 495 2087 eo
527 2065 600 2098 quo
627 2055 709 2099 quis
740 2057 953 2092 notabiliter
982 2060 1108 2094 animo
1142 2062 1300 2098 afficitur
1334 2066 1429 2100 adeo
1463 2074 1501 2102 ut
1537 2069 1590 2103 sic

191 2106 385 2133 moveatur
404 2099 452 2133 ad
469 2101 657 2144 agendum
676 2101 712 2136 in
733 2114 771 2137 re
789 2104 902 2147 gravi.
933 2105 1140 2152 [309-310.]

239 2146 436 2190 Spectatus
462 2148 643 2192 obsta-live,
670 2161 734 2183 seu
760 2151 904 2186 ratione
922 2154 1018 2187 mali
1039 2165 1088 2188 esc
1108 2167 1180 2199 qno
1197 2158 1423 2201 apprehenso
1441 2169 1590 2197 exortus

190 2198 258 2233 est,
277 2199 398 2227 metus
416 2193 550 2228 dicitur
561 2197 700 2240 gravis
717 2204 753 2231 et
770 2199 866 2232 levis
883 2207 945 2234 aut
963 2201 1126 2236 absolute
1151 2211 1214 2238 aut
1242 2208 1449 2249 respective,
1475 2207 1590 2255 [311.]

235 2239 416 2274 Absolute
442 2243 581 2285 gravis
614 2242 748 2277 dicitur
782 2245 811 2278 si
846 2245 917 2280 tria
950 2257 1197 2285 concurrunt:
1239 2250 1276 2284 1O
1312 2255 1455 2288 malm
1486 2268 1588 2291 exse

186 2297 332 2330 grczve‘:
357 2288 458 2332 quod
488 2298 526 2322 20
543 2291 836 2334 apprehenditur
861 2300 899 2327 ut
928 2299 1024 2328 certo
1054 2303 1117 2330 aut
1136 2298 1384 2341 probabiliter
1411 2306 1592 2338 metuenti

185 2337 420 2375 eventurum,
439 2334 515 2369 sive
532 2336 676 2377 directe,
695 2337 771 2372 sive
797 2340 997 2382 2⁴)2dz'recte;
1021 2348 1134 2387 atque
1161 2350 1199 2387 30
1217 2345 1270 2379 sic
1295 2348 1588 2391 apprehenditur

185 2391 235 2413 ex
256 2382 403 2415 ratione
420 2384 550 2426 gravi.
601 2383 748 2418 Dicitur
774 2386 937 2421 absolute
961 2389 1056 2423 levis
1073 2389 1102 2424 si
1122 2392 1179 2425 vel
1197 2403 1311 2427 unum
1330 2405 1374 2428 ex
1392 2395 1449 2429 his
1468 2397 1585 2433 tribus

183 2426 302 2462 deest.
331 2427 724 2474 [312—314.]—Metus
742 2433 905 2467 absolute
921 2437 1061 2480 gravis
1085 2438 1179 2472 solet
1205 2438 1356 2484 insuper
1373 2441 1444 2476 dici
1465 2451 1586 2480 metus

180 2475 317 2518 justus,
328 2476 543 2520 probabilis,
561 2478 693 2512 cadens
709 2480 750 2512 in
768 2481 896 2514 virum
913 2487 1150 2518 com—tandem.
1193 2485 1225 2519 E
1252 2488 1436 2524 contrario
1462 2500 1587 2536 potest

183 2532 305 2556 metus
323 2522 485 2558 absalme
501 2524 597 2558 levis
614 2524 802 2570 designari
820 2528 943 2563 verbis
961 2529 1019 2565 his
1038 2531 1245 2567 contrariis.
1275 2533 1390 2580 [315]
