1716 2729
205 95 220 122 Ι
231 93 285 133 30
789 84 829 124 T
827 91 1019 125 metatus
1434 82 1608 134 [GURY‚

198 206 313 240 esset
335 200 504 249 efficaX,
528 200 754 241 induceret
777 200 900 241 illum
924 215 1013 242 non
1035 207 1209 242 tantum
1233 200 1288 240 ad
1312 199 1608 253 projiciendas

199 282 377 318 merces,
400 269 477 309 sed
510 270 645 309 etiam
680 271 735 310 ad
768 270 1087 322 deponendum
1111 270 1320 310 affectum
1344 270 1400 309 ad
1423 269 1532 318 illas,
1565 274 1610 309 et

199 344 521 390 consequenter
557 339 613 378 ad
649 338 896 379 tollendum
936 339 1280 379 involuntarium
1314 338 1434 391 quod
1467 344 1535 378 est
1566 338 1611 377 in

201 420 352 447 earum
389 406 674 459 projectione.
740 406 890 460 Quum
929 421 1034 460 ergo
1071 407 1257 449 affectus
1291 420 1422 460 quem
1453 407 1612 446 retinet

201 482 408 530 peccator
444 476 499 516 ad
535 482 780 529 peccatum,
813 489 887 516 seu
924 476 1268 516 involuntarium
1292 476 1335 515 in
1371 474 1464 528 ejus
1494 474 1611 525 fuga,

203 581 210 588 .
243 582 249 588 .
284 548 339 587 sit
362 547 637 587 inductivum
659 546 890 599 gehennae
922 559 1011 586 non
1035 546 1180 586 minus
1211 559 1346 598 quam
1380 550 1614 597 peccatum

202 616 412 663 exterius,
436 616 536 655 ideo
555 621 700 655 metus
723 615 965 667 gehennae,
990 616 1025 655 si
1049 616 1105 655 sit
1137 614 1311 665 efficax,
1333 614 1467 655 debet
1490 613 1614 653 illum

203 687 414 728 affectum
458 692 501 726 et
538 686 655 726 istud
694 685 1042 726 involuntarium
1080 685 1275 727 tollere.'’
1340 683 1616 736 Hujusmodi

203 756 337 808 igitur
357 754 670 794 contritionem
701 753 857 793 definit
891 753 1141 794 Concilium
1174 750 1515 802 Tridentinum,1
1537 753 1621 793 “si

205 824 467 864 voluntatem
479 822 689 874 peccandi
705 822 958 871 excludat,”2
975 836 1071 862 esse
1094 822 1262 862 donum
1287 823 1371 862 Dei
1397 829 1441 862 et
1463 836 1618 876 pecca-

205 897 347 931 torem
370 891 605 944 disponere
638 891 694 930 ad
713 890 1094 943 justificationem.

269 1025 362 1064 343.
405 1013 476 1052 Ex
499 1013 630 1053 dictis
648 1019 773 1066 patet
794 1016 862 1052 Iam
890 1018 1066 1052 tantum
1083 1026 1132 1052 ac
1159 1015 1231 1064 3²²¹n
1257 1026 1315 1052 ex
1330 1010 1621 1051 divisionibus

207 1096 341 1135 supra
372 1082 546 1122 traditis
578 1082 875 1134 inspiciendas
906 1094 1003 1121 esse
1032 1081 1074 1120 in
1112 1081 1195 1121 hoc
1228 1081 1459 1120 Tractatu.
1535 1078 1623 1117 Hic

209 1151 327 1190 enim
370 1151 515 1203 agitur
555 1155 732 1190 tantum
775 1150 831 1189 de
882 1149 1156 1202 quaestione,
1198 1155 1419 1201 quatenus
1467 1152 1624 1195 metus,

208 1218 427 1272 cffciendo
457 1219 657 1259 animum
692 1218 872 1271 agentis,
910 1218 1123 1258 rationem
1162 1215 1414 1264 voluntarii,
1447 1220 1491 1255 et
1523 1215 1625 1255 ideo

209 1288 393 1342 peccati,
429 1288 554 1328 tollat
588 1293 665 1326 aut
699 1286 879 1326 minuat.
945 1285 1078 1339 Quod
1109 1286 1302 1339 quidem,
1325 1291 1373 1325 ut
1410 1285 1626 1324 hactenus

210 1356 414 1405 vidimus,
436 1356 601 1409 pendet
626 1355 886 1408 praesertim
912 1355 975 1408 (a)
1008 1368 1066 1395 ex
1084 1368 1138 1395 eo
1161 1354 1282 1407 quod
1305 1359 1451 1393 metus
1471 1351 1626 1404 subjec-

212 1426 299 1466 tive
320 1430 549 1477 spectatus
582 1423 800 1475 ejusmodi
824 1424 881 1464 sit
913 1424 988 1476 qui
1011 1423 1161 1476 aliquo
1194 1423 1341 1470 modo,
1366 1428 1410 1462 et
1442 1421 1627 1460 fortasse

213 1496 347 1536 etiam
371 1494 637 1542 notabiliter,
659 1494 842 1534 rationis
865 1507 993 1534 usum
1028 1493 1270 1546 impediat;
1306 1498 1439 1544 atque
1461 1490 1628 1543 aliqua-

213 1571 343 1605 tenus
365 1563 428 1618 (b)
452 1577 510 1603 ex
533 1576 585 1603 eo
607 1563 726 1615 quod
752 1569 895 1602 metus
927 1563 984 1603 sit
1005 1563 1265 1603 antecedens.
1329 1561 1488 1612 Neque
1510 1559 1628 1599 enim

215 1633 305 1673 ullo
328 1633 463 1673 modo
486 1631 618 1671 refert
644 1631 696 1684 (c)
728 1637 875 1672 utrum
901 1637 1044 1671 metus
1076 1630 1274 1684 objeclive
1294 1629 1455 1682 gravis
1485 1628 1541 1668 sit
1573 1641 1630 1667 an

214 1701 354 1748 levis,·
397 1715 477 1741 nec
521 1700 595 1753 (d)
635 1705 782 1740 utrum
826 1700 882 1739 sit
924 1699 978 1739 ab
1014 1698 1243 1739 intrinseco
1285 1698 1521 1751 profectus,
1574 1711 1631 1737 an

217 1771 417 1810 incussus
457 1769 511 1809 ab
552 1767 781 1809 extrinseco
822 1768 914 1808 sive
942 1768 1066 1820 juste
1108 1767 1200 1807 sive
1244 1767 1410 1820 itgjztste.
1473 1766 1632 1818 Neque

218 1846 369 1880 tamen
392 1838 664 1878 censendum
689 1843 754 1877 est
777 1836 886 1877 haec
909 1836 1058 1876 omnia
1082 1835 1189 1875 nulli
1205 1835 1301 1875 usui
1322 1848 1442 1875 esse:
1467 1835 1632 1875 etenim

219 1921 277 1947 ex
300 1907 351 1946 iis
374 1907 570 1959 pendent
592 1906 874 1958 quaestiones
906 1904 1025 1944 haud
1064 1917 1242 1957 paucae,
1281 1917 1446 1956 eaeque
1483 1902 1634 1955 magni

222 1976 450 2024 momenti,
484 1975 527 2014 in
564 1975 849 2016 Tractatibus
882 1975 932 2014 de
963 1973 1261 2015 contractibus
1297 1980 1341 2013 et
1381 1973 1433 2013 de
1465 1972 1636 2013 Matri-

223 2044 363 2086 mom'o
384 2044 634 2084 solvendae.

616 2165 692 2211 §4
727 2159 794 2200 De
827 2159 883 2200 Vi
900 2174 971 2200 sen
1016 2158 1241 2200 Violentza„

290 2271 382 2312 344.
414 2256 752 2302 Definitio.—-
765 2258 842 2300 Vis
884 2273 960 2299 seu
1000 2257 1205 2297 violentia
1248 2262 1314 2297 est
1357 2257 1555 2310 impulsio
1585 2257 1640 2298 ab

227 2329 456 2370 extrinseco
479 2329 617 2378 illata,
638 2342 782 2381 cogens
819 2329 883 2368 ad
913 2327 1089 2380 aliquid
1122 2328 1338 2380 agendum
1372 2334 1451 2368 aut
1470 2327 1640 2381 patien-

536 2499 548 2521 1
566 2501 652 2531 Sess.
670 2499 735 2529 xiv.
750 2499 803 2530 De
812 2499 1025 2538 Paenitentia,
1042 2499 1128 2540 Cap.
1142 2509 1174 2539 4.

536 2543 549 2562 2
565 2543 644 2573 Vid.
655 2543 751 2581 infra,
769 2553 803 2574 n.
820 2541 895 2581 648.
911 2547 997 2574 nota.
