1716 2729
176 116 192 145 1
206 115 221 144 1
230 103 258 144 6
752 101 794 142 T
790 108 982 143 ractatus
1410 99 1594 156 [GURY,.

171 219 518 270 deliberationis,
561 225 638 260 aut
684 225 869 272 peccata
908 232 1023 272 quae
1074 217 1176 258 inde
1228 216 1462 271 profluant,
1505 217 1587 257 nisi

172 288 398 330 adfuerint
419 289 702 329 conditiones
723 301 857 340 supra
880 286 968 340 (nn.
991 288 1172 339 92-100)
1196 286 1451 327 recensitae.

220 364 326 409 300.
365 356 469 397 Huc
506 370 686 410 quoque
721 361 926 409 spectant
967 369 1019 395 ea
1060 368 1173 407 quae
1216 354 1395 406 insuper
1427 354 1484 394 de
1519 353 1587 394 his

171 425 310 467 tradit
347 425 393 466 S.
427 425 628 466 Thomas
645 423 673 464 :1
705 424 901 464 “Passio
938 436 1214 476 consequens
1258 436 1345 463 non
1380 422 1588 463 diminuit

173 501 420 549 peccatum,
452 494 529 535 sed
584 493 724 547 magis
777 501 922 545 auget,
963 491 1032 532 vel
1090 491 1238 545 potius
1290 496 1357 531 est
1409 490 1586 544 signum

174 563 496 618 magnitudinis
557 561 663 614 ejus,
717 562 760 600 in
822 566 1040 613 quantum
1097 559 1264 601 scilicet
1323 559 1591 600 demonstrat

173 632 450 673 intensionem
473 629 712 671 voluntatis
743 630 799 669 ad
832 635 981 669 actum
1012 629 1197 682 peccati.
1260 629 1320 669 Et
1351 629 1413 669 sic
1433 642 1586 669 verum

172 708 240 742 est
262 700 380 754 quod
420 705 591 752 quanto
630 698 789 751 aliquis
828 696 997 750 majore
1042 696 1225 737 libidine
1267 696 1336 737 vel
1378 697 1586 750 concupi-

173 770 342 811 scentia
364 774 533 822 peccat‚
556 774 686 808 tanto
707 768 853 821 magis
876 765 1074 821 peccat.'’

235 850 328 890 301.
364 838 459 878 Nec
515 837 707 889 denique
759 835 1031 877 censendum
1091 840 1158 875 est
1210 833 1320 874 haec
1372 833 1589 887 respicere

171 913 348 947 tantum
370 906 650 946 voluntatem
661 904 900 958 peccandz‘,·
936 916 1072 956 quum
1097 903 1213 943 enirn
1237 902 1478 955 passiones,
1498 915 1587 954 quo

172 988 302 1015 sensu
353 974 424 1014 hic
487 973 805 1026 intelliguntur,
855 971 978 1012 velut
1029 971 1215 1011 calcaria
1275 971 1364 1011 sint
1426 970 1587 1023 quibus

171 1044 394 1084 humanae
437 1043 730 1096 operationes,
767 1042 858 1081 sive
900 1040 955 1080 ad
994 1040 1161 1080 bonum
1198 1039 1290 1080 sive
1323 1040 1378 1079 ad
1419 1038 1586 1079 malurn

172 1113 432 1161 concitatae,
458 1112 598 1164 magis
615 1107 926 1158 stimulentur,2
947 1108 1047 1149 ideo
1069 1108 1265 1148 tenenda
1282 1114 1384 1148 sunt
1406 1121 1457 1147 ea
1473 1121 1587 1160 quae

172 1181 388 1222 hactenus
411 1180 531 1220 dicta
563 1185 678 1230 sunt,
711 1179 802 1220 sive
836 1179 982 1232 agitur
1013 1177 1068 1216 de
1090 1176 1324 1217 voluntate
1359 1176 1588 1230 peccandi,

173 1250 267 1290 sive
299 1250 354 1290 de
386 1249 621 1290 voluntate
663 1248 725 1288 rei
767 1247 983 1288 honestae
1023 1245 1293 1294 efficiendae,
1326 1251 1375 1285 ut
1406 1258 1488 1297 vg.
1523 1245 1588 1284 ait

175 1318 442 1372 Laymann,3
463 1318 499 1359 si
523 1318 622 1371 quis
645 1317 689 1357 in
711 1330 758 1357 se
792 1317 894 1357 ideo
917 1315 1085 1356 excitet
1107 1327 1319 1366 magnum
1344 1313 1588 1354 misericor-

173 1389 273 1429 diae
305 1387 513 1428 affectum
548 1393 596 1427 ut
619 1400 672 1426 eo
709 1386 965 1439 impellatur
986 1385 1042 1425 ad
1081 1383 1381 1424 abundantius
1414 1396 1589 1423 succur-

173 1460 360 1498 rendum
393 1470 546 1510 egeno.
612 1455 748 1497 Unde
785 1456 847 1495 ait
883 1454 924 1495 S.
962 1453 1161 1494 Thomas
1181 1449 1209 1491 :4
1231 1452 1395 1492 “Bona
1427 1451 1591 1504 passio,

173 1539 450 1579 consequens
478 1524 696 1578 judicium
730 1524 925 1572 rationis,
955 1527 1217 1575 augmentat
1250 1521 1456 1561 meritum
1478 1518 1512 1560 :’'
1544 1524 1589 1559 et

174 1594 280 1635 alibi
300 1593 326 1635 :5
347 1597 369 1615 “
388 1594 583 1648 Quando
618 1607 676 1633 ex
711 1592 813 1633 forti
851 1597 978 1632 motu
1001 1590 1244 1631 voluntatis
1281 1593 1588 1630 commovetur

172 1665 400 1717 appetitus
422 1662 657 1704 sensitivus
680 1662 735 1702 ad
758 1661 1027 1715 passionem,
1052 1659 1200 1713 passio
1222 1657 1347 1699 addit
1380 1656 1587 1696 meritum

171 1732 240 1772 vel
263 1732 543 1782 demeritum,
568 1731 672 1784 quia
704 1736 770 1770 est
802 1730 979 1782 signum
1012 1727 1131 1781 quod
1165 1732 1313 1767 motus
1344 1724 1587 1766 voluntatis

174 1801 232 1840 sit
254 1800 435 1841 fortior:
472 1807 516 1841 et
555 1800 638 1840 hoc
676 1799 812 1839 modo
833 1811 987 1838 verum
1021 1801 1087 1837 est
1122 1795 1242 1849 quod
1265 1794 1340 1834 ille
1373 1794 1448 1847 qui
1485 1807 1587 1833 cum

175 1867 343 1921 majore
369 1869 680 1922 compassione
702 1867 807 1908 facit
830 1867 1160 1919 eleemosynam
1201 1864 1347 1916 magis
1383 1868 1588 1911 meretur,

174 1941 219 1976 et
241 1935 316 1989 qui
338 1949 439 1975 cum
464 1935 631 1988 majore
645 1934 828 1974 libidine
850 1933 955 1974 facit
971 1937 1219 1985 peccatum,
1240 1929 1382 1982 magis
1404 1934 1560 1981 peccat
1578 1943 1589 1978 ;

176 2004 281 2058 quia
303 2004 388 2044 hoc
411 2010 478 2044 est
494 2005 670 2057 signum
693 2002 814 2056 quod
839 2007 987 2042 motus
1008 1999 1251 2041 voluntatis
1273 1999 1330 2038 sit
1353 1997 1539 2039 fortior.'’

237 2123 329 2164 302.
366 2109 750 2156 ResolVeS.-1⁰
784 2109 965 2151 Rationi
1007 2107 1190 2149 omnino
1242 2104 1480 2146 conformis
1522 2108 1590 2143 est

177 2180 428 2222 communis
460 2180 692 2220 hominum
729 2179 957 2234 persuasio
1002 2190 1090 2229 qua
1127 2175 1352 2228 judicatur
1393 2172 1587 2225 aliquem

178 2250 324 2290 minus
347 2248 585 2301 deliquisse
608 2254 741 2301 atque
762 2247 892 2289 venia
922 2245 1071 2297 aliqua
1097 2257 1192 2283 esse
1214 2243 1414 2295 dignum,
1436 2241 1510 2293 qui
1543 2241 1586 2279 in

220 2352 231 2371 1
249 2351 338 2382 Ibid.
359 2355 422 2382 art.
441 2350 473 2381 6.
520 2350 600 2380 Vid.
616 2350 804 2389 Laymann,
823 2348 912 2378 Lib..
936 2355 964 2377 1.
981 2351 1077 2377 tract.
1098 2345 1131 2375 ii.
1151 2354 1226 2385 cap.
1245 2354 1277 2375 v.
1296 2353 1329 2374 n.
1355 2351 1382 2372 1.

218 2395 231 2414 ‘²'
249 2395 301 2426 Ita
317 2395 392 2425 TT.
411 2393 644 2425 communiter.
680 2393 758 2423 Vid.
779 2392 965 2431 Laymann,
987 2389 1062 2420 Lib.
1086 2397 1113 2419 1.
1143 2392 1238 2418 tract.
1258 2387 1293 2417 ii.
1327 2396 1399 2426 cap.
1429 2395 1461 2415 v.
1490 2394 1523 2414 n.
1547 2391 1560 2414 1
1578 2394 1590 2421 3

177 2439 312 2512 59³⁰&ss
332 2439 432 2512 'Il'ratcsst
453 2447 479 2512 lt.
496 2447 570 2486 cap.
588 2437 624 2467 ii.
643 2447 674 2466 n.
691 2436 744 2466 61.
759 2487 771 2509 Ι

219 2505 394 2562 4Szc7nmn,
415 2492 494 2557 liffei-
508 2491 640 2566 ldugielspt.
654 2490 830 2563 l{7nart.6.
848 2521 890 2552 ad
908 2529 938 2551 2.

219 2569 232 2588 ⁵
249 2569 300 2600 De
315 2570 420 2607 Malo,
441 2568 579 2609 Quaest.
594 2567 640 2598 iii.
660 2572 721 2598 art.
741 2574 789 2597 11.
