1716 2729
108 96 150 122 n.
180 93 194 121 1
205 82 262 131 8.]
562 78 614 117 de
631 76 813 116 Actibus
834 74 1069 114 Humanis.
1431 80 1445 109 1
1457 83 1479 110 2
1485 81 1510 121 7

104 197 290 237 omnino
317 200 490 248 sponte,
511 199 555 233 et
593 191 714 232 nullo
747 198 867 230 metu
902 194 1096 241 urgente,
1120 189 1331 228 adversus
1368 187 1512 240 legem

106 266 223 319 agit:
247 266 385 304 immo
407 261 623 315 ejusmodi
646 273 757 312 opus
780 273 837 299 ex
871 264 991 297 metu
1014 256 1193 304 factum,
1215 256 1295 296 etsi
1318 253 1516 308 pelfectel

105 334 402 375 voluntarium
426 337 504 379 est,
528 337 692 376 tamen,
718 334 766 368 ut
788 326 1102 367 animadvertit
1126 322 1280 376 Gury,2
1300 325 1514 364 sociatam

105 403 332 456 quandam
374 398 617 440 voluntatis
657 395 883 435 tristitiam
928 400 972 434 et
1014 392 1371 445 repugnantiam,
1413 392 1515 432 licet

108 469 388 515 inefficacem,
412 467 574 507 habere
595 464 717 505 solet.
786 463 887 503 Huc
910 462 1044 514 igitur
1066 465 1238 513 spectat

171 633 264 677 337.
299 619 629 676 Principium
666 615 933 665 IV.—Qnae
962 628 1014 654 ex
1045 619 1157 653 metu
1182 612 1317 666 fiunt,
1350 611 1524 651 etiamsi

106 690 198 730 sint
236 688 494 741 simpliciter
540 689 599 740 (n.
635 688 716 739 58.)
751 683 1012 731 voluntaria,
1034 681 1289 734 plerumque
1318 686 1421 719 sunt
1456 679 1521 719 in-

109 758 357 798 voluntaria
379 757 624 797 secundum
650 754 770 808 quid.

170 828 264 879 338.
296 826 557 879 Antequam
590 821 855 878 principium
889 818 1132 864 evolvatur,
1171 817 1215 856 in
1259 815 1520 856 memoriam

109 895 358 936 revocanda
378 901 481 935 sunt
504 908 556 934 ea
578 906 691 946 quae
714 903 847 942 supra
869 887 961 940 (nn.
990 885 1132 938 56—8.)
1157 884 1448 937 exposuimus
1466 884 1522 923 de

110 963 284 1004 duobus
336 963 537 1003 sensibus
589 961 750 1014 quibus
813 956 978 997 locutio
1030 953 1319 1005 “simpliciter
1368 952 1522 992 volun-

110 1032 271 1071 tarium
287 1028 307 1047 '’
331 1044 356 1070 a
379 1030 473 1070 TT.
498 1031 695 1070 sumitur.
761 1027 834 1067 Ex
857 1038 945 1078 qua
968 1022 1264 1074 ambiguitate
1285 1020 1335 1061 fit
1358 1027 1406 1061 ut
1429 1021 1522 1073 ipse

113 1099 160 1140 S.
191 1099 402 1148 Thomas,
424 1099 479 1138 de
512 1099 639 1138 Metu
672 1109 820 1150 agens,
854 1095 944 1134 duo
976 1092 1124 1132 tradat
1166 1104 1280 1142 quae
1324 1091 1440 1129 inter
1476 1104 1524 1130 se

111 1181 359 1221 repugnare
383 1167 646 1207 videantur:
680 1164 857 1211 etenim,
882 1162 938 1202 de
962 1161 1012 1200 iis
1037 1173 1151 1212 quae
1173 1172 1232 1198 ex
1255 1164 1375 1198 metu
1400 1157 1522 1206 fiunt,

113 1251 202 1277 uno
223 1237 321 1277 1000
353 1237 415 1276 ait
438 1235 462 1276 ;3
494 1238 514 1255 “
535 1235 636 1274 Non
668 1239 772 1273 sunt
800 1229 1059 1283 simpliciter
1089 1227 1339 1268 voluntaria
1356 1224 1395 1266 .·''
1419 1226 1522 1266 alibi

112 1318 216 1344 vero
253 1305 308 1344 de
345 1305 501 1344 iisdem
540 1303 630 1343 ait:
664 1306 685 1321 ‘⁴
704 1301 823 1342 Sunt
866 1296 1119 1338 voluntaria
1160 1294 1422 1347 simpliciter,
1461 1295 1523 1334 in-

112 1372 364 1412 voluntaria
394 1379 544 1413 autem
578 1370 821 1411 secundum
858 1362 1025 1419 quid.³’4
1087 1363 1156 1403 De
1192 1364 1353 1416 quibus
1385 1363 1524 1402 anim-

114 1440 305 1480 advertit
338 1438 600 1487 Suaresius,5
622 1438 910 1491 aequivocam
955 1447 1050 1473 esse
1083 1432 1204 1472 illam
1236 1444 1390 1471 vocem
1422 1430 1526 1470 sim-

103 1508 286 1561 pliciter,
309 1514 353 1548 et
396 1509 496 1549 ideo
529 1505 868 1559 distinguendas
911 1516 1006 1543 esse
1048 1501 1142 1553 ejus
1165 1499 1523 1553 significationes.

115 1577 375 1630 Aliquando
397 1578 514 1617 enim
533 1583 582 1617 ut
604 1577 677 1626 ait,
697 1573 950 1626 sz'mplz'ciler
968 1570 1267 1612 voluntarium
1290 1569 1453 1609 dicitur
1469 1569 1526 1608 ad

114 1646 456 1698 significandum
479 1644 777 1686 voluntarium
809 1641 863 1682 ab
893 1640 1014 1681 omni
1041 1638 1307 1679 admixtione
1329 1637 1527 1678 involun-

117 1714 462 1763 tarz'z'z‘m7122me,·
494 1727 584 1767 quo
616 1726 745 1752 sensu
779 1710 952 1750 locutus
984 1714 1051 1748 est
1085 1706 1128 1747 S.
1153 1705 1352 1746 Thomas
1384 1706 1528 1759 priore

118 1783 216 1823 1000
253 1784 421 1833 citato;
463 1783 524 1822 sic
563 1781 680 1822 enim
722 1780 808 1819 ait:
840 1781 993 1829 “quae
1026 1789 1085 1815 ex
1129 1783 1250 1814 metu
1294 1773 1404 1814 fiunt
1447 1787 1528 1814 non

118 1859 221 1893 sunt
250 1852 503 1905 simpliciter
531 1850 792 1898 voluntaria,
813 1848 889 1888 sed
908 1845 1080 1886 mixta?
1142 1844 1404 1897 Aliquando
1424 1858 1529 1885 vero

118 1921 338 1974 significat
360 1935 451 1961 rem
474 1934 570 1961 esse
591 1920 643 1960 de
650 1920 774 1971 sacto
794 1917 978 1958 volitam
1002 1929 1080 1968 per
1101 1921 1250 1955 actum
1274 1912 1528 1952 absolutum

118 1996 162 2029 et
184 1989 408 2030 efficacem
439 1988 696 2037 voluntatis,
717 1986 808 2026 sive
841 1985 958 2026 adsit
988 1983 1213 2024 admixtio
1246 1981 1530 2022 involuntarii

119 2058 210 2098 sive
232 2071 348 2108 non;
383 2071 472 2110 quo
510 2069 640 2097 sensu
677 2054 722 2095 S.
745 2053 944 2093 Thomas
982 2051 1226 2105 posteriore
1263 2050 1359 2090 1000
1393 2051 1530 2090 citato

119 2127 292 2167 locutus
314 2132 389 2166 est.
451 2125 604 2178 Atque
626 2123 710 2164 hoc
733 2122 928 2163 secundo
950 2134 1080 2161 sensu
1104 2119 1213 2159 haec
1235 2132 1324 2158 vox
1342 2118 1531 2158 sumitur

119 2197 162 2236 in
182 2195 397 2248 principio
420 2207 458 2235 n.
479 2203 573 2245 337.
597 2192 774 2240 tradito,
791 2192 846 2232 de
869 2204 957 2243 quo
981 2203 1096 2229 nunc
1117 2188 1341 2241 agendum
1361 2192 1438 2226 est.

382 2355 390 2372 ¹
408 2355 485 2385 Vid.
507 2365 617 2395 supra,
637 2364 671 2384 n.
691 2360 742 2393 55.

381 2399 394 2418 2
412 2399 499 2428 Part.
515 2399 537 2428 i.
556 2408 589 2428 n.
612 2397 662 2428 18.
682 2396 830 2437 Princip.
850 2395 900 2426 ΙΙ.

383 2442 396 2461 ³
412 2443 563 2478 Summa,
581 2449 612 2471 2.
630 2449 660 2471 2.
678 2441 816 2480 Quaest.
838 2447 908 2477 142.
925 2444 987 2469 art.
1006 2445 1035 2478 3.

384 2486 396 2505 4
410 2485 497 2516 Ibid.
521 2493 547 2515 1.
567 2492 599 2514 2.
620 2485 758 2522 Quaest.
777 2483 809 2513 6.
825 2488 887 2513 art.
907 2482 939 2513 6.

384 2530 396 2548 '⁰
419 2529 526 2559 Tracl,
544 2529 582 2559 de
605 2528 808 2558 Voluntarco.
829 2525 926 2567 Disp.
947 2533 976 2565 3.
996 2530 1076 2556 sect.
1098 2523 1121 2554 i.
1137 2534 1169 2554 n.
1191 2531 1221 2552 2.
