1716 2729
153 80 191 107 n.
217 65 298 120 30]
611 65 663 105 de
681 63 864 104 Actibus
885 63 1122 104 Humanis.
1482 73 1554 113 191

152 182 349 234 alioquin
372 182 552 230 bonum,
586 180 629 219 in
661 193 750 232 quo
784 185 937 219 tamen
972 179 1307 219 circumstantia
1344 178 1462 218 mala
1496 177 1560 217 in-

151 250 367 298 veniatur,
389 255 465 290 aut
490 249 564 302 qui
588 248 790 288 eliciatur
811 248 869 288 ob
893 247 1061 287 malum
1085 247 1218 286 finem
1242 247 1317 299 qui
1341 259 1441 287 cum
1474 245 1561 286 alio

152 319 239 359 fine
261 319 379 358 bono
402 322 662 367 concurrat;
694 329 776 368 vg.
810 316 844 355 si
876 316 1097 356 voluntati
1132 315 1468 367 eleemosynam
1503 328 1561 354 ex

153 387 322 427 motivo
363 386 593 427 charitatis
643 385 860 437 largiendi
915 399 963 425 se
1015 385 1264 425 immisceat
1315 389 1443 436 tepor
1491 382 1563 423 vel

152 455 396 505 fastidium,
436 460 512 495 aut
555 454 589 493 si
633 453 732 506 quis
774 453 1109 506 eleemosynam
1156 453 1369 505 largiatur
1400 451 1563 505 partim

152 538 210 563 ex
254 524 422 564 motivo
469 521 814 570 misericordiae,
863 522 1026 574 partim
1090 535 1148 561 ex
1206 521 1375 561 motivo
1422 533 1565 559 vanae

150 592 331 645 gloriae.

214 661 309 712 536.
344 660 607 701 Notandum
646 665 714 699 est
759 663 801 710 5⁰
838 659 1107 699 sententiam
1147 672 1301 699 eorum
1339 657 1413 711 qui
1453 656 1567 696 affir-

153 729 318 770 mative
354 728 627 781 respondent
665 727 1006 781 intelligendam
1044 741 1140 768 esse
1178 728 1233 767 de
1271 726 1358 766 fine
1393 731 1471 766 aut
1512 726 1569 765 de

152 797 487 838 circumstantia
541 796 693 836 leviter
742 795 1085 849 peccaminosa;
1137 809 1241 835 nam
1294 794 1402 834 satis
1467 807 1570 833 con-

153 866 351 906 sentiunt
403 865 508 906 AA.
570 864 716 914 finem,
781 871 859 905 aut
926 863 1323 913 circumstantiam,
1369 862 1575 916 graviter

154 933 516 986 peccaminosam
550 932 729 973 inficere
760 939 904 974 totam
938 939 1064 973 actus
1096 933 1348 973 bonitatem
1370 930 1395 982 ;1
1428 944 1572 984 neque

151 1001 271 1041 enim
294 1002 463 1042 censeri
486 1007 637 1052 potest
660 1002 809 1041 Deum
833 1001 924 1042 ulla
947 1001 1119 1041 ratione
1143 1000 1394 1054 approbare
1426 1001 1575 1040 istius-

154 1070 276 1110 modi
313 1076 476 1119 actum,
506 1083 595 1122 quo
631 1083 767 1122 agens
804 1075 977 1110 reatum
1011 1069 1211 1109 mortalis
1244 1068 1402 1123 culpae
1435 1074 1571 1120 atque

154 1152 326 1191 poenae
349 1145 556 1179 aeternae
579 1138 790 1179 incurrat.

217 1217 310 1259 537.
346 1207 534 1260 Insuper
565 1207 610 1246 6⁰
645 1207 938 1260 intelligenda
970 1212 1037 1247 est
1068 1208 1124 1247 de
1156 1206 1244 1247 fine
1263 1205 1469 1259 partiali,
1491 1205 1566 1259 qui

157 1290 244 1316 non
268 1277 324 1316 sit
346 1276 497 1317 totalis
520 1282 564 1316 et
587 1276 811 1328 adequata
837 1275 951 1316 ratio
974 1276 1158 1328 agendi3
1188 1276 1352 1315 etenim
1371 1275 1568 1315 fatentur

156 1342 343 1393 omnes,2
378 1344 421 1384 id
460 1345 579 1397 quod
616 1345 724 1384 satis
766 1342 916 1397 supra3
953 1345 1213 1397 expositum
1256 1350 1338 1393 est,
1383 1343 1567 1384 omnino

158 1412 325 1453 malum
349 1427 445 1453 esse
467 1419 630 1462 actum,
657 1413 946 1465 quantumvis
978 1412 1175 1465 alioquin
1208 1412 1390 1461 bonum,
1413 1412 1448 1451 si
1471 1424 1567 1464 per-

156 1480 330 1521 ficiatur
363 1483 421 1522 ob
458 1481 592 1521 finem
628 1481 796 1521 malum
831 1482 906 1534 qui
941 1481 1094 1522 totalis
1136 1481 1193 1521 sit
1235 1480 1397 1533 agendi
1441 1479 1566 1520 ratio.

160 1549 307 1589 Immo
334 1549 461 1590 solet
502 1550 613 1589 haec
655 1548 898 1590 sententia4
939 1549 1127 1602 intelligi
1169 1551 1225 1589 de
1267 1548 1442 1602 partiali
1479 1548 1569 1589 fine

158 1624 335 1659 tantum
357 1615 644 1659 secmzdaria.⁵

220 1689 315 1740 538.
348 1688 555 1741 Denique
603 1693 648 1740 70
698 1689 948 1728 notandum
1001 1694 1068 1728 est
1115 1688 1423 1740 quaestionem
1475 1700 1570 1727 esse

160 1757 216 1797 de
243 1758 404 1798 morali
431 1759 635 1799 bonitate
656 1758 913 1811 hujusmodi
947 1764 1083 1808 actus,
1107 1758 1290 1798 minime
1321 1759 1378 1799 de
1411 1758 1571 1799 merito

160 1825 255 1878 ers
290 1827 623 1878 supernaturali.
688 1826 826 1867 Aliud
870 1827 1001 1876 enim,
1033 1833 1082 1867 ut
1119 1827 1181 1867 ait
1219 1826 1463 1877 Suamsius,
1505 1833 1572 1867 est

161 1907 372 1946 quaerere
396 1894 462 1945 (a)
494 1909 548 1936 an
582 1895 700 1936 idem
733 1901 858 1935 actus
891 1895 1135 1936 voluntatis
1172 1895 1313 1948 possit
1349 1896 1481 1936 simul
1513 1910 1571 1936 ex

163 1963 348 2002 diversis
380 1963 600 2016 capitibus
630 1978 726 2004 esse
757 1963 983 2004 moraliter
1012 1964 1157 2004 bonus
1181 1970 1224 2003 et
1248 1963 1417 2015 malus;
1450 1964 1571 2004 aliud

163 2044 267 2071 vero
321 2044 531 2083 quaerere
576 2032 650 2085 (b),
692 2046 749 2072 ex
798 2031 1039 2084 hypothesi
1093 2033 1214 2085 quod
1261 2033 1363 2072 talis
1405 2033 1473 2082 sit,
1517 2047 1572 2073 an

163 2099 316 2153 possit,
356 2105 574 2152 quatenus
632 2101 776 2141 bonus
828 2106 906 2149 est,
958 2101 1078 2154 apud
1126 2101 1275 2141 Deum
1322 2101 1572 2141 meritorius

165 2180 260 2207 esse
290 2167 486 2219 praemii
503 2166 887 2221 supernaturalz‘s.⁶
948 2169 1037 2209 Hic
1096 2170 1152 2209 de
1204 2170 1348 2222 priore
1395 2175 1571 2209 tantum

210 2276 220 2296 ¹
238 2278 319 2309 Vid.
338 2278 465 2315 Alasia‚
489 2280 546 2310 Tr.
564 2280 602 2311 de
618 2283 691 2312 Act.
709 2282 894 2318 Humanis,
910 2281 1003 2313 Diss.
1027 2290 1053 2312 1.
1070 2292 1146 2323 cap.
1165 2292 1195 2313 v.
1212 2289 1272 2313 art.
1290 2281 1322 2312 ii.
1348 2280 1408 2322 §4
1427 2292 1460 2313 n.
1486 2290 1540 2313 20.

209 2322 222 2342 2
235 2322 315 2352 Vid.
333 2321 485 2360 Billuart,
504 2323 588 2354 ibid.

210 2366 223 2386 3
239 2365 320 2396 Vid.
335 2371 445 2402 antea,
464 2376 522 2397 nn.
543 2374 703 2409 503—505.

212 2408 315 2440 4Vid.
332 2419 398 2450 v.g.
418 2409 521 2450 Gury,
544 2411 634 2442 Part.
653 2411 674 2444 i.
701 2422 735 2442 n.
756 2420 808 2452 30.

212 2450 225 2470 ⁵
240 2452 319 2483 Vid.
335 2458 445 2491 antea,
462 2463 494 2485 n.
513 2452 588 2492 481.

212 2496 225 2516 ⁶
237 2496 315 2528 Vid.
333 2496 466 2535 Suarez,
488 2497 543 2529 Tr.
559 2497 594 2528 dc
610 2498 737 2537 Gratia,
756 2499 829 2529 Lib.
847 2507 896 2531 12.
911 2509 984 2541 cap.
1002 2499 1046 2530 iv.
1063 2510 1096 2530 n.
1109 2506 1140 2540 5.
1157 2499 1236 2538 (Ed.
1253 2498 1367 2530 Vives.
1383 2499 1482 2530 Tom.
1502 2499 1572 2534 ιο).
