1716 2729
162 115 250 157 260
585 113 623 156 C
619 113 891 167 ompendium
920 112 960 153 T
957 119 1148 154 ructatus

211 230 426 275 Respective
437 230 577 275 gravis
594 229 729 264 dicitur
757 235 876 264 metus
895 228 936 268 si,
959 228 1108 263 etiamsi
1127 229 1296 263 absolute
1312 228 1417 272 levis,
1435 233 1577 268 tamen,

163 290 209 314 ex
237 276 372 322 triplici
403 277 526 322 capite
557 288 671 322 supra
700 277 881 322 exposito,
911 276 1036 320 gravis
1065 283 1122 311 est
1149 275 1305 311 relative
1338 275 1388 309 ad
1423 274 1576 319 aliquod

162 336 282 371 genus
308 325 516 358 hominum.
568 326 601 358 E
629 323 816 358 contrario
842 331 965 358 metus
990 325 1192 368 respective
1216 324 1313 357 levis
1338 321 1473 357 <licitur
1501 321 1577 367 qui,

162 371 310 408 etiamsi
330 372 493 406 absolute
503 373 652 416 gravis,
671 378 810 412 tamen,
826 371 979 405 relative
998 371 1047 405 ad
1061 370 1214 416 aliquod
1231 370 1428 404 hominum
1445 380 1577 414 genus,

163 420 256 455 levis
282 427 338 454 est
364 431 410 453 ex
435 431 509 453 uno
536 426 599 453 aut
625 420 742 453 altero
761 418 883 463 capite
901 430 946 452 ex
963 417 1081 452 tribus
1101 429 1213 463 supra
1239 416 1428 462 expositis.
1457 415 1574 460 [316]

165 469 293 502 Metus
311 468 509 511 respective
529 467 678 512 gravis,
698 465 812 510 (sicut
831 476 944 510 supra
969 465 1111 500 dictum
1138 472 1194 500 est
1213 465 1260 499 de
1287 472 1388 499 metu
1415 464 1580 498 absolute

164 514 296 560 gravi‚)
305 515 452 558 justus,
461 514 680 558 probabilis,
701 515 817 547 immo
836 512 950 547 etiam
968 513 1101 547 cadens
1118 514 1160 547 in
1185 514 1315 546 virum
1341 515 1579 551 constantem,

165 562 239 597 dici
259 564 363 596 solet.
417 563 460 595 In
480 569 580 596 metu
598 562 796 606 respective
808 561 931 605 gravi
945 559 1198 602 aestimando,
1216 559 1311 594 ratio
1328 558 1506 593 habenda
1523 565 1580 592 est

165 621 241 644 non
268 609 389 643 solum
416 609 563 650 aetatis,
589 617 624 643 et
651 619 773 648 sexus,
800 607 867 641 sed
901 607 1015 641 etiam
1049 608 1198 651 indolis,
1226 606 1343 652 ipsius
1378 605 1580 640 metuentis

166 657 262 692 adeo
289 664 327 691 ut
355 655 487 700 inspici
515 657 651 690 debeat
677 667 725 689 an
752 656 817 689 ille
842 654 996 700 quidem
1018 655 1298 689 rationabiliter
1321 653 1453 688 timeat
1479 652 1516 686 in
1535 652 1579 686 iis

167 716 291 739 rerum
310 704 496 748 adjunctis
516 703 552 736 in
571 703 706 748 quibus
725 709 905 736 versatur.
934 701 1142 746 [317-319.]

217 752 274 785 Ex
289 751 398 785 dictis
412 757 514 795 patet
530 759 672 784 metum
685 749 746 795 qui
763 750 936 795 objective
949 749 1104 783 omnino
1115 750 1211 783 levis
1229 748 1289 789 sit,
1308 755 1388 783 turn
1406 747 1584 787 absolute,

166 806 246 834 tum
264 799 474 890 riespective,
490 809 602 843 posse
620 798 817 842 subjective
827 808 988 842 gravem
1006 808 1102 839 esse,
1115 795 1232 831 immo
1245 803 1281 831 et
1294 796 1584 841 gravissimum.

171 846 267 890 [320.

241 894 256 907 (J

215 904 234 927 2
286 900 342 927 est
369 893 414 926 ab
442 894 645 926 extrinseco
674 892 732 926 vel
762 892 807 926 ab
839 892 1050 926 intrinseco.
1103 892 1227 935 Quam
1261 889 1486 925 divisionem
1521 888 1583 923 alii

168 941 275 976 aliter
293 940 515 984 intelligunt.
543 938 656 985 [321]

216 989 264 1022 [³7
274 989 349 1021 imo
367 987 478 1032 igitur
495 988 557 1021 alii
576 995 719 1021 metum
736 987 781 1020 ab
798 987 1001 1020 extrinseco
1019 986 1148 1021 dicunt
1166 997 1251 1020 eum
1270 985 1330 1031 qui
1350 984 1522 1030 provenit
1541 995 1586 1018 ex

170 1047 284 1070 causa
301 1039 467 1076 externa,
486 1034 564 1069 sive
582 1035 710 1073 libera,
729 1035 806 1068 sive
825 1035 1032 1068 necessaria
1058 1045 1124 1067 seu
1150 1034 1352 1067 naturali:
1378 1043 1452 1077 quo
1471 1043 1584 1066 sensu

170 1084 215 1118 ab
231 1084 432 1117 intrinseco
450 1082 584 1116 dicitur
601 1089 723 1116 metus
742 1081 804 1126 qui
822 1080 992 1126 provenit
1011 1093 1055 1115 ex
1073 1092 1187 1115 causa
1204 1082 1366 1114 interna.
1396 1078 1513 1124 [322]

221 1131 387 1165 Secundo
399 1141 487 1164 vero
499 1129 574 1170 alii,
587 1128 829 1174 inspicientes
841 1129 965 1173 potius
980 1127 1159 1162 influxum
1174 1135 1297 1162 metus
1316 1127 1352 1160 in
1367 1138 1412 1161 ea
1427 1138 1522 1171 quae
1537 1126 1586 1160 ob

173 1186 314 1212 metum
335 1177 438 1221 fiunt,
456 1177 501 1211 ab
518 1178 721 1211 extrinseco
740 1177 868 1210 dicunt
886 1182 1029 1209 metum
1048 1175 1110 1220 qui
1129 1175 1174 1209 ab
1192 1176 1280 1215 alio,
1298 1174 1377 1208 sive
1393 1174 1490 1218 juste
1510 1173 1588 1207 sive

173 1225 320 1270 injuste,
339 1225 527 1258 incutitur
541 1235 580 1258 eo
586 1225 669 1269 fine
687 1228 730 1258 ut
746 1227 965 1257 metuentem
984 1226 1132 1256 moveat
1148 1223 1196 1256 ad
1215 1221 1356 1266 aliquid
1374 1220 1589 1255 faciendum

173 1279 237 1307 aut
256 1272 534 1313 omittendum3
561 1279 674 1316 atque
700 1271 745 1305 ab
770 1271 972 1304 intrinseco
998 1270 1127 1304 dicunt
1153 1281 1239 1304 eum
1266 1268 1328 1314 qui
1347 1268 1455 1303 adest
1474 1279 1589 1313 quum

173 1324 338 1354 metuens
355 1320 432 1363 ipse
449 1319 601 1363 aliquid
622 1319 723 1353 ultro
741 1318 848 1363 elzjgz't
872 1317 920 1352 ad
938 1317 1156 1352 evitandum
1174 1317 1314 1351 malum
1335 1316 1436 1361 quod
1454 1326 1588 1360 appre-

174 1368 306 1402 hendit
324 1366 489 1411 alioquin
508 1378 591 1400 esse
610 1364 840 1400 eventurum.
868 1362 981 1410 [323]

222 1414 261 1459 30
290 1415 360 1448 Est
393 1414 607 1448 antecedens
631 1414 689 1447 vel
722 1414 998 1447 concomitans:
1031 1423 1128 1457 quae
1154 1410 1289 1446 divisio
1316 1410 1451 1445 eodem
1478 1421 1590 1444 sensu

175 1462 332 1497 sumitur
350 1473 394 1495 ac
422 1469 457 1505 5¹²
473 1461 608 1495 divisio
626 1459 860 1505 ignorantiae
879 1471 991 1504 supra
1009 1459 1158 1494 tradita·
1187 1457 1304 1504 [324]

225 1530 400 1575 Denique
418 1529 478 1563 hic
504 1528 606 1574 loqui
625 1529 746 1563 solent
764 1528 930 1572 theologi
949 1528 997 1562 de
1023 1533 1125 1561 metu
1143 1526 1397 1566 reverentiali‚
1415 1536 1488 1570 qua
1506 1524 1589 1570 quis

176 1578 283 1613 timet
303 1589 350 1611 ne
369 1577 578 1622 superiores
597 1577 736 1610 habeat
755 1575 939 1610 offensos:
967 1581 1091 1619 potest
1110 1585 1193 1608 esse
1214 1574 1364 1619 gravis,
1381 1573 1488 1614 levis,
1507 1580 1591 1615 eto,

177 1632 287 1671 prout
305 1625 441 1659 adsunt
460 1623 695 1658 conditiones
714 1634 827 1668 supra
844 1622 1063 1657 recensitae.
1099 1619 1212 1667 [325.]

229 1707 488 1739 PRINCIPIUM
511 1705 538 1738 I.
574 1704 799 1738 Voluntaria
827 1706 918 1736 sunt
942 1714 985 1736 ea
1015 1713 1109 1746 qnae
1135 1713 1183 1735 ex
1213 1704 1314 1734 metu
1346 1699 1595 1744 quantumvis

179 1752 282 1798 gravi
290 1753 408 1797 fiunt,
426 1752 625 1785 dummodo
643 1755 762 1784 metus
779 1761 854 1784 non
871 1751 923 1783 sit
937 1748 1195 1794 gravissimus,
1213 1759 1278 1781 sen
1295 1748 1384 1781 adeo
1402 1747 1596 1781 vehemens

182 1805 225 1834 ut
242 1800 403 1834 rationis
421 1810 530 1832 usum
550 1799 701 1832 omnino
711 1798 890 1842 perimat.

229 1847 341 1881 Ratio
372 1854 428 1880 est
455 1845 543 1891 quia
568 1852 703 1885 metuS,
728 1844 799 1878 nisi
827 1855 939 1878 sensu
966 1842 1136 1888 exposito
1157 1843 1417 1888 gravissimus
1443 1840 1502 1882 sit,
1520 1851 1595 1874 non

183 1894 278 1930 tollit
297 1893 571 1928 advertentiam
586 1892 808 1932 intellectus,
826 1902 949 1936 neque
967 1892 1200 1925 voluntatem
1218 1890 1340 1934 privat
1359 1889 1536 1923 facultate
1554 1899 1595 1922 se

185 1940 462 1977 determinandi
482 1940 518 1974 in
537 1941 636 1974 hanc
653 1940 712 1974 vel
731 1940 833 1973 illam
851 1947 1008 1983 partem.
1036 1936 1245 1981 [fsto-328]

236 2012 495 2045 PRINCIPIUM
525 2010 576 2043 II.
626 2009 756 2043 lisetus
783 2007 988 2052 subjective
1017 2006 1141 2051 gravis
1168 2018 1241 2051 qno
1267 2008 1435 2050 gravior
1472 2011 1527 2040 est
1565 2012 1602 2041 et

187 2059 449 2098 vehementior,
477 2068 517 2090 eo
546 2058 669 2102 magis
695 2056 891 2090 imminuit
920 2055 1181 2089 voluntarium
1212 2058 1247 2087 et
1279 2054 1359 2087 idco
1382 2057 1573 2098 peccatum
1587 2068 1600 2089 .-

186 2108 301 2140 immo
318 2107 354 2139 si
369 2104 613 2149 gravissimus
639 2105 690 2137 sit
714 2103 977 2137 voluntarium
995 2103 1106 2144 tollit,
1134 2106 1169 2135 et
1185 2102 1264 2135 ideo
1282 2102 1434 2135 omnino
1451 2106 1604 2137 excusat

187 2166 211 2188 a
229 2156 390 2198 peccato.

238 2200 350 2234 Ratio
377 2211 420 2234 ex
448 2198 538 2243 ipsis
565 2198 734 2232 terminis
761 2204 875 2242 patet.
929 2196 1151 2231 Notandum
1170 2207 1258 2230 vero
1276 2202 1333 2229 est
1351 2207 1434 2230 raro
1453 2197 1601 2231 evenire

191 2255 229 2282 ut
259 2258 380 2281 metus
413 2247 463 2281 ita
497 2246 639 2280 minuat
675 2244 925 2280 voluntarium
961 2252 999 2279 ut
1033 2243 1218 2278 malitiam
1253 2244 1453 2278 mortalem
1482 2245 1600 2279 tollat.

190 2293 396 2339 [3290331]

243 2367 501 2400 PRINCIPIUM
531 2365 606 2398 ΙΙΙ.
642 2365 773 2398 Meum
798 2365 1004 2410 subjective
1032 2365 1124 2400 levis
1153 2377 1228 2400 non
1253 2365 1366 2405 tollit,
1396 2365 1510 2398 immo
1537 2363 1608 2397 vix

197 2415 349 2453 minm’t,
367 2414 630 2446 voluntarium
649 2416 718 2445 aut
734 2415 938 2457 peccatum.

244 2461 356 2495 Ratio
375 2472 419 2494 ex
437 2459 606 2494 terminis
626 2466 738 2504 patei.
792 2459 998 2504 [332-333.]

223 2508 403 2541 Duobus
437 2506 559 2541 modis
590 2506 667 2540 fieri
701 2514 824 2551 potest
855 2514 893 2541 ut
924 2509 1006 2552 quis
1037 2519 1080 2542 ex
1110 2514 1212 2542 metu
1238 2517 1355 2551 agens
1385 2517 1407 2540 a
1436 2511 1605 2550 peccato,

201 2556 257 2589 vel
287 2555 455 2597 omnino,
485 2554 543 2588 vel
577 2554 824 2598 aliquatenus,
860 2562 1065 2597 excusetur,
1101 2554 1248 2589 etiamsi
1283 2566 1358 2588 non
1394 2553 1445 2587 ita
1478 2551 1603 2586 animo

200 2602 382 2636 afficiatur
400 2608 437 2636 ut
457 2608 562 2636 actus
580 2613 656 2635 non
675 2601 722 2635 sit
740 2603 902 2646 pei-secte
921 2602 1118 2636 humanus.
1172 2602 1234 2636 Sic
1265 2601 1301 2634 1Ο
1320 2607 1443 2646 potest
1470 2599 1547 2633 fieri
1568 2605 1605 2632 ut
