1716 2729
188 114 213 142 2
221 103 273 154 38
518 102 747 143 Tractatns
765 103 816 143 de
837 103 876 143 A
884 102 1019 144 ctibus
1038 103 1278 143 Humanis.

190 218 407 259 referendi
444 232 490 259 se
523 218 747 272 explicite,
782 225 826 260 et
849 233 1004 260 omnes
1028 233 1129 260 suas
1162 219 1468 273 cogitationes,
1492 218 1598 260 affe-

190 287 371 337 diones,
396 287 542 337 verba,
564 293 608 327 et
630 301 776 341 opera,
800 288 844 327 in
868 288 1029 338 Deum,
1051 294 1234 342 propter
1256 301 1303 328 se
1326 288 1551 329 dilectum.

249 357 347 409 691.
379 356 578 409 “Neque
610 357 726 396 enim
750 362 986 397 contentus
1018 371 1114 397 esse
1145 357 1280 397 debet
1316 357 1352 397 si
1385 356 1523 398 semel
1555 357 1599 397 in

191 426 265 466 die
301 431 379 465 aut
416 438 739 479 nonnunquam
779 426 821 465 id
861 425 1007 475 faciat,
1045 426 1123 466 sed
1158 425 1312 466 crebro
1343 458 1350 466 .
1386 458 1394 467 .
1425 432 1603 480 oportet

190 494 437 535 identidem
461 494 738 547 ingeminare
761 494 804 534 id
824 495 960 534 animi
983 494 1264 544 sacrificium,
1281 494 1413 548 longe
1435 495 1603 547 gratius

192 563 293 603 Deo
335 562 608 615 quibuslibet
651 563 746 602 aliis
789 562 1014 615 obsequiis
1066 563 1109 603 in
1163 563 1349 603 materia
1389 563 1602 604 virtutum

193 633 441 683 moralium,
465 639 635 686 quanto
671 633 863 673 charitas
886 634 937 673 iis
973 633 1182 674 omnibus
1205 632 1495 674 excellentior
1525 638 1605 683 est,

192 708 237 742 et
268 702 580 756 praestabilius
615 701 786 742 homini
823 702 979 742 offerre
1013 716 1060 742 se
1083 702 1230 755 ipsum
1264 715 1364 743 cum
1397 702 1604 742 omnibus

190 772 293 821 suis,
316 785 450 825 quam
473 771 640 824 aliquid
664 785 808 812 rerum
832 786 1009 812 suarum
1042 802 1052 811 .
1084 801 1094 812 .
1129 805 1139 814 .

251 842 349 892 692.
382 841 549 880 “Haec
600 841 736 881 etiam
789 847 856 881 est
909 841 1061 895 regula
1113 842 1228 882 inter
1279 855 1435 881 omnes
1486 841 1605 881 vitae

194 909 435 962 spiritualis
453 910 642 950 traditas
666 909 708 948 in
733 910 867 949 sacris
890 909 1046 950 litteris
1070 909 1203 962 longe
1226 909 1426 958 nobilior,
1446 908 1605 958 utilior,

194 978 397 1028 securior,
435 978 810 1031 compendiosior,
832 992 957 1031 quae,
978 978 1013 1018 si
1051 979 1163 1018 serio
1196 984 1239 1018 et
1274 983 1607 1031 perseveranter

194 1052 403 1097 servetur,
427 1047 653 1087 hominem
678 1047 804 1088 facile
828 1061 877 1087 ac
900 1047 1160 1087 suavissime
1181 1048 1449 1100 perductura
1470 1046 1526 1086 sit
1547 1047 1605 1087 ad

194 1117 368 1169 apicem
403 1117 689 1170 perfectionis
728 1117 1009 1158 Christianae
1046 1117 1162 1157 intra
1195 1117 1423 1170 proprium
1459 1116 1606 1156 unius-

196 1185 411 1238 cujusque
433 1192 613 1236 statum,
637 1192 681 1226 et
715 1187 904 1226 subinde
940 1186 996 1226 ad
1029 1185 1267 1226 sublimem
1291 1198 1342 1225 ac
1377 1190 1606 1237 praestan-

196 1255 419 1295 tissimum
464 1256 653 1307 gradum
707 1255 904 1307 gloriae;
962 1254 996 1294 si
1049 1260 1198 1295 autem
1251 1267 1341 1294 non
1394 1259 1604 1304 servetur,

196 1323 399 1375 quamvis
422 1323 535 1363 aliae
557 1323 867 1372 adhibeantur,
882 1322 961 1363 vix
982 1323 1121 1376 possit
1137 1321 1368 1363 mediocris
1384 1321 1606 1374 profectus

197 1391 240 1430 in
264 1391 352 1432 vita
376 1392 592 1445 spirituali
626 1393 857 1432 obtineri&

832 1955 977 1987 FINIS.
