1716 2729
173 69 176 71 Δ
192 109 208 137 1
218 98 273 149 36
785 98 827 139 T
824 105 1015 141 metatus
1427 100 1519 151 [GU
1526 112 1602 153 ΚΥ,

186 213 304 254 fiant.
369 213 442 255 Sic
459 228 544 268 v-g.
568 216 854 268 quantumvis
887 216 985 268 quis
1017 215 1123 256 velit
1155 230 1312 257 manus
1349 223 1426 257 aut
1462 219 1597 271 pedes

185 295 373 332 movere,
395 283 437 322 vi
459 289 609 323 tamen
632 283 835 337 impediri
858 289 1009 338 potest
1033 285 1270 337 quominus
1293 293 1565 327 moveantur.

240 410 334 458 358.
371 406 752 452 ResolveS.——1⁰
787 409 931 450 Actus
973 411 1146 451 externi
1183 412 1257 464 qui
1290 425 1348 452 ex
1384 412 1595 453 violentia

179 479 302 530 fiunt,
323 480 554 521 voluntate
576 482 761 522 omnino
799 488 1085 535 repugnante,
1110 483 1222 524 adeo
1259 490 1309 524 ut
1343 484 1596 537 simpliciter

177 549 359 590 violenti
392 565 468 591 seu
501 551 643 591 coacti
678 551 777 600 sint,
816 564 905 590 non
942 557 1046 591 sunt
1067 552 1304 593 voluntarii
1336 560 1414 594 aut
1438 554 1564 594 liberi
1583 567 1593 604 ;

176 624 220 659 et
241 619 343 659 ideo
366 633 452 660 non
475 626 661 672 possunt
685 633 779 660 esse
811 620 1111 672 peccaminosi
1134 627 1211 661 aut
1232 619 1530 662 demeritorii.¹

234 691 277 727 2⁰
300 688 485 728 Femina
529 702 644 741 quae
684 688 947 728 omnimodo
987 689 1148 729 resistit
1196 689 1436 731 violentiae
1473 705 1589 744 quae

172 756 232 796 illi
270 756 453 796 infertur
488 763 641 797 contra
668 757 971 809 virginitatem
1004 770 1092 797 non
1128 765 1282 811 peccat
1313 759 1486 799 etiamsi
1518 760 1590 801 vel

171 832 373 878 stuprum
397 826 534 865 invita
563 826 773 878 patiatur.
839 825 960 866 Hinc
992 825 1100 866 illud
1138 827 1182 869 S.
1215 827 1489 881 Augustini,2
1510 828 1586 870 ubi

170 894 365 946 loquitur
387 895 442 934 de
465 895 724 935 mulieribus
749 893 1012 935 Christianis
1035 909 1162 948 quae,
1187 896 1335 937 Roma
1367 911 1392 937 a
1423 898 1584 940 Gothis

165 969 310 1016 capta,
333 963 423 1003 vim
447 977 681 1016 perpessae
713 963 917 1004 fuerunt:
950 962 1224 1018 “Quidquid
1258 965 1369 1005 alius
1401 967 1457 1007 de
1488 982 1583 1008 cor-

167 1045 285 1084 pore,
306 1031 375 1072 vel
407 1032 449 1071 in
480 1045 674 1085 corpore,
708 1031 871 1081 fecerit,
904 1033 1024 1085 quod
1056 1033 1150 1073 sine
1186 1040 1371 1087 peccato
1402 1038 1581 1090 proprio

167 1115 254 1140 non
276 1101 420 1141 valeat
445 1101 610 1151 evitari,
632 1107 806 1154 praeter
828 1102 1005 1154 culpam
1030 1101 1079 1142 fit
1102 1102 1365 1155 patientiS.'’3

225 1175 268 1221 3⁰
289 1170 433 1209 Actus
456 1171 531 1222 qui
555 1169 667 1209 fiunt
691 1169 920 1209 voluntate
944 1170 1225 1223 aliquatenus
1249 1172 1508 1225 reluctante,
1533 1183 1579 1218 at

163 1238 346 1278 tandem
369 1238 689 1287 consentiente,
714 1239 827 1278 adeo
850 1245 897 1278 ut
921 1238 1009 1279 sint
1032 1239 1214 1280 violenti
1237 1246 1412 1282 tantum
1435 1257 1577 1283 secun-

161 1306 265 1346 dum
303 1306 420 1359 qnid,
453 1313 555 1346 sunt
593 1306 692 1359 plus
725 1306 794 1346 vel
828 1307 973 1347 minus
1005 1307 1241 1348 voluntarii
1273 1315 1318 1349 et
1349 1310 1499 1352 liberi:
1533 1319 1577 1353 et

160 1375 261 1415 ideo
283 1376 318 1415 si
342 1381 497 1415 contra
526 1375 670 1428 legem
701 1375 824 1424 fiunt,
855 1381 984 1416 erunt
1015 1375 1115 1429 plus
1143 1377 1214 1417 vel
1243 1379 1389 1420 minus
1421 1394 1575 1434 pecca-

161 1444 321 1484 minosi
355 1452 432 1484 aut
467 1444 751 1493 demeritorii‚
786 1458 867 1497 pro
905 1445 1076 1486 minore
1109 1445 1178 1486 vel
1211 1446 1380 1499 majore
1411 1456 1573 1491 conatu

155 1525 247 1564 quo
270 1512 367 1565 quis
389 1512 629 1553 violentiae
651 1510 853 1553 resistat.4

214 1584 259 1631 4⁰
283 1580 473 1621 Peccant
525 1581 718 1634 graviter
769 1581 961 1621 feminae
1009 1582 1098 1622 vim
1151 1583 1383 1635 patientes,
1425 1586 1460 1625 si
1512 1588 1571 1629 ob

154 1648 580 1701 pusillanimitatem,
595 1655 671 1690 aut
693 1663 858 1690 vanum
882 1650 1102 1700 timorem,
1119 1665 1199 1704 vg.
1220 1651 1475 1694 offendendi
1494 1668 1571 1709 ag-

155 1730 415 1770 gressorem,
452 1723 545 1765 etc.‚
580 1731 668 1758 non
704 1719 911 1759 resistant
946 1724 1163 1771 quantum
1202 1727 1401 1773 possunt,
1433 1724 1568 1765 etiam

153 1785 326 1825 secluso
348 1785 544 1838 periculo
567 1799 807 1826 consensus
840 1787 883 1826 in
916 1786 1166 1828 sensualem
1191 1788 1534 1832 delectationem
1557 1807 1567 1843 ;

154 1854 228 1907 qui
267 1854 440 1894 etiamsi
485 1867 574 1894 non
621 1856 901 1896 consentiant
952 1856 996 1896 in
1048 1856 1391 1902 delectationem
1431 1859 1551 1901 illam

152 1929 303 1964 tamen
338 1923 444 1964 dum
476 1924 633 1973 minus,
664 1938 798 1977 quam
832 1939 911 1979 par
942 1932 1021 1975 est,
1064 1927 1285 1977 resistunt,
1328 1937 1564 1970 censentur

148 1992 192 2031 in
245 1993 311 2032 sui
346 1991 633 2033 violationem
686 1995 933 2035 consentire
984 2000 1028 2035 et
1070 1995 1114 2035 in
1156 1996 1339 2037 crimine
1383 1998 1562 2039 alterius

146 2059 428 2114 co-operari.5
489 2061 563 2101 An
603 2076 706 2102 vero
744 2069 899 2115 peccet
935 2062 1093 2103 mulier
1114 2064 1155 2104 vi
1181 2078 1405 2118 oppressa,
1433 2067 1468 2106 si
1502 2069 1560 2108 ob

149 2136 318 2169 metum
342 2130 496 2170 mortis
518 2129 708 2170 clamare
730 2131 921 2181 omittat,
945 2137 1012 2172 est
1034 2133 1237 2185 quaestio
1269 2134 1314 2174 in
1346 2134 1560 2178 Tractatu

146 2196 196 2236 de
220 2196 348 2237 Sexto
369 2197 577 2250 Decalogi
595 2197 824 2251 Praecepto
845 2198 1090 2241 solvenda.‘⁵

188 2308 195 2326 ¹
215 2308 289 2339 Vid.
308 2309 343 2340 S.
360 2310 475 2350 Alph.,
500 2309 573 2340 Lib.
605 2318 635 2339 2.
660 2311 767 2341 Tmct.
798 2311 835 2342 de
862 2313 934 2342 Act.
960 2313 1141 2351 Hmmzm‘s,
1175 2314 1246 2345 Art.
1268 2322 1299 2344 2.
1319 2325 1351 2345 n.
1373 2321 1426 2354 173
1453 2315 1557 2357 Gury,

143 2352 265 2383 Part.i.
286 2363 317 2383 n.
341 2361 394 2385 20.
420 2353 563 2394 Princip.
592 2353 640 2384 II.

185 2396 198 2414 2
213 2396 289 2426 Lib.
314 2405 339 2433 1,
359 2395 412 2427 De
433 2397 574 2427 Civilate
590 2397 664 2435 Dei,
686 2407 757 2437 cap.
783 2397 832 2429 16.

183 2438 261 2470 3Ita
278 2440 315 2471 S.
334 2440 455 2481 Alph.,
473 2440 548 2471 Art.
568 2448 600 2471 2.
618 2451 652 2470 n.
675 2447 724 2479 17.

184 2482 195 2500 ⁴
210 2482 286 2513 Vid.
305 2483 339 2514 S.
357 2484 476 2524 Alph.,
493 2483 573 2514 ibid.
591 2494 623 2515 n.
647 2483 704 2521 183
731 2484 835 2523 Gury‚
853 2484 936 2515 ibid.

181 2526 194 2544 ⁵
207 2526 259 2556 Ita
275 2526 379 2567 Gury,
403 2528 491 2558 Part.
511 2527 531 2557 i.
548 2538 582 2558 n.
602 2535 656 2558 21.

180 2569 194 2588 ⁶
207 2569 285 2600 Vid.
302 2581 369 2610 v.g.
389 2571 422 2602 S.
444 2570 559 2612 Alph.,
579 2571 654 2602 Lib.
670 2580 701 2609 4.
722 2576 819 2604 tract.
837 2580 868 2609 4.
890 2571 942 2602 De
957 2572 1138 2613 Praeceptis
1153 2573 1317 2615 Decalogz',
1343 2585 1374 2605 n.
1401 2583 1478 2615 430.
