1716 2729
151 103 210 154 46
731 101 958 141 Tractatus
1363 96 1539 153 [GURY.

219 229 307 269 119.
371 216 547 257 Etenim
585 222 787 256 neutrum
824 230 882 256 ex
918 214 1162 268 praeceptis
1192 227 1232 254 n.
1262 214 1352 254 116.
1375 226 1538 253 memo-

154 287 272 334 ratis,
297 299 432 339 quum
454 291 688 337 utrumque
719 283 828 336 juris
863 283 1073 324 naturalis
1108 283 1177 333 sit,
1207 281 1371 322 censeri
1392 286 1539 334 potest

154 353 471 407 obligationem
522 352 658 392 ullam
709 352 935 405 imponere
984 352 1065 391 nisi
1108 364 1240 403 quam
1287 349 1399 389 ratio
1444 348 1539 402 ipsa

153 421 364 462 naturalis
385 420 615 473 approbet,
638 420 774 459 immo
792 420 945 472 exigat
966 424 1015 459 ut
1036 419 1310 471 imponatur:
1338 416 1538 469 jamvero

153 495 327 530 tantum
350 489 475 528 abest
496 494 544 528 ut
565 487 664 527 talis
686 487 850 526 censeri
883 486 1021 539 possit
1052 486 1264 538 obligatio
1286 485 1532 526 istiusmodi

154 557 420 605 universalis,
451 562 499 596 ut
539 561 690 595 contra
721 553 931 594 naturalis
960 553 1072 594 ratio
1107 553 1299 593 declaret
1319 567 1416 593 eam
1448 553 1539 593 fore

148 624 304 678 jugum
327 623 508 663 omnino
531 621 831 672 intolerabile;
861 620 1144 674 nequeenim,
1167 621 1201 660 si
1224 621 1308 660 ista
1328 621 1539 673 obligatio

154 693 375 741 existeret,
397 691 601 743 cuiquam
623 690 770 730 liceret
792 689 926 729 ullam
949 695 1087 729 artem
1119 694 1194 728 aut
1224 687 1539 741 professionem

156 775 373 810 exercere,
386 767 461 801 aut
476 760 614 800 ullum
633 772 790 799 munus
808 759 1142 811 exsequendum
1156 758 1385 811 suscipere,
1399 771 1541 812 neque

154 830 291 870 ullum
320 834 469 881 posset
504 828 617 867 inter
646 827 845 867 homines
876 826 1186 866 commercium
1220 827 1390 867 servari.
1449 825 1541 867 Vix

153 897 269 937 enim
301 897 543 949 quidquam
567 901 632 934 est
668 908 726 934 ex
759 908 847 946 quo
880 894 1124 934 timendum
1146 907 1233 933 non
1256 894 1313 934 sit
1345 907 1400 933 ne
1428 895 1539 947 peri-

153 965 299 1005 culum
343 963 526 1015 alicujus
567 963 671 1002 mali
712 962 888 1004 oriatur.
971 961 1088 1003 Sane
1129 962 1319 1014 quidem,
1359 968 1408 1002 ut
1449 975 1538 1003 rem

155 1033 345 1072 illustrat
366 1030 578 1079 Billuart,¹
605 1032 631 1053 ‘⁶
649 1029 848 1070 Christus
880 1035 923 1069 et
946 1028 1152 1082 Apostoli
1174 1043 1261 1069 non
1279 1029 1540 1070 tenebantur

154 1101 356 1140 omittere
378 1098 749 1152 praedicationem
774 1098 1014 1151 Evangelii,
1036 1097 1137 1138 licet
1158 1097 1261 1137 inde
1282 1097 1407 1150 plura
1423 1098 1539 1138 mala

154 1174 355 1208 secutura
406 1168 635 1218 viderent3
689 1181 768 1207 rex
805 1180 893 1206 non
931 1171 1108 1206 tenetur
1140 1165 1343 1206 omittere
1377 1165 1540 1206 bellum

155 1235 436 1288 caeteroquin
455 1235 636 1288 justum,
670 1234 772 1275 licet
807 1235 909 1275 inde
940 1233 1195 1286 praevideat
1227 1233 1388 1274 multos
1418 1234 1540 1274 inno-

155 1310 303 1344 centes
326 1303 577 1356 gravandos
642 1336 648 1343 .
710 1335 718 1343 .
753 1320 762 1352 ,
805 1308 848 1342 et
880 1302 997 1342 licite
1017 1302 1266 1342 venduntur
1287 1315 1419 1350 arma,
1442 1302 1542 1343 licet

156 1372 280 1412 multi
303 1372 612 1425 praevidentur
642 1370 692 1410 iis
715 1370 930 1412 abusuri.”

217 1495 304 1525 120.
338 1483 510 1536 Quibus
542 1483 714 1523 duobus
746 1483 1009 1532 constitutis,
1047 1483 1183 1523 oritur
1217 1483 1427 1536 quaestio,
1450 1497 1542 1524 mo-

154 1550 290 1590 menti
311 1563 428 1599 sane,
449 1549 568 1601 quod
590 1549 646 1588 ad
678 1562 805 1589 usum
836 1549 1006 1597 attinet,
1039 1549 1235 1597 maximi,
1256 1549 1477 1589 undenam
1499 1550 1542 1590 in

155 1619 303 1671 aliquo
324 1631 428 1657 casu
451 1618 802 1669 dignoscendum
824 1617 881 1657 sit
901 1623 1047 1657 utrum
1071 1617 1236 1657 licitum
1269 1617 1325 1657 sit
1346 1631 1401 1657 an
1422 1618 1542 1658 illici-

153 1693 246 1726 tum
278 1686 321 1725 id
353 1698 482 1736 agere
516 1698 573 1724 ex
609 1697 697 1736 quo
720 1684 886 1724 malum
922 1691 1172 1725 secuturum
1209 1685 1542 1737 praevideatur?

158 1753 259 1792 Huc
301 1758 472 1804 spectat
503 1752 764 1804 principium
800 1752 906 1792 illud
929 1753 1206 1792 notissimum
1231 1753 1349 1805 quod
1371 1754 1543 1794 tradere

154 1819 297 1859 solent
318 1819 408 1858 TT.
433 1819 487 1858 de
510 1832 640 1860 causa
662 1833 720 1858 ex
751 1833 838 1872 qua
858 1819 1082 1872 profluunt
1102 1820 1282 1860 effectus
1314 1821 1413 1871 duo,
1435 1821 1544 1862 alter

154 1889 308 1935 bonus,
350 1887 459 1926 alter
499 1901 601 1926 vero
643 1887 795 1927 malus.
872 1888 924 1927 In
960 1902 1048 1941 quo
1087 1895 1236 1929 tamen
1278 1890 1544 1941 exponendo

156 1954 342 1995 multum
367 1955 479 1993 inter
500 1968 546 1994 se
568 1955 818 2008 discrepant
838 1971 846 1995 z
878 1955 1014 1995 immo
1037 1969 1092 1996 ne
1124 1956 1204 1996 sibi
1236 1957 1415 2009 quidem
1438 1958 1543 2011 ipsis

155 2023 261 2064 satis
283 2028 488 2063 constant
509 2023 689 2075 quidam
706 2037 762 2063 ex
785 2024 848 2073 iis,
865 2024 950 2076 qui,
964 2024 1101 2073 obliti,
1119 2030 1167 2064 ut
1188 2025 1372 2074 videtur,
1392 2039 1543 2066 eorum

155 2104 268 2143 quae
289 2090 359 2130 hic
381 2096 584 2130 statuunt
620 2091 663 2130 in
697 2091 912 2144 principio
945 2093 1227 2142 enuntiando,
1248 2093 1355 2133 illud
1389 2100 1544 2146 postea

157 2160 369 2201 adhibent
390 2173 519 2199 sensu
542 2160 721 2199 omnino
743 2160 928 2200 diverso.

215 2238 304 2267 121.
342 2227 488 2266 Primo
503 2227 634 2279 igitur
651 2227 959 2279 proferendum
974 2234 1040 2268 est
1054 2229 1314 2282 principium
1331 2231 1542 2283 appositis

157 2297 207 2335 iis
229 2295 434 2336 omnibus
456 2295 779 2335 conditionibus
810 2310 918 2348 quas
949 2297 1253 2346 communiter,
1287 2298 1542 2350 praesertim

159 2365 201 2403 in
224 2364 306 2404 hoc
338 2364 550 2404 Tractatu
586 2363 637 2403 de
666 2363 848 2403 Actibus
879 2364 1114 2412 Humanis,
1148 2378 1370 2418 apponere
1402 2366 1543 2406 solent

158 2431 351 2484 theologi
413 2431 691 2471 enuntiantes
743 2431 849 2471 illud
900 2439 948 2472 ut
998 2447 1232 2474 commune
1281 2433 1543 2487 principium

455 2570 462 2590 ¹
490 2570 598 2600 Tract.
617 2570 654 2600 de
682 2570 917 2609 Temperantia,
936 2571 1025 2602 Diss.
1045 2572 1088 2602 vi.
1107 2577 1168 2603 art.
1191 2581 1241 2603 12.
