1716 2729
128 99 171 128 n.
199 85 285 138 13.]
577 83 629 123 de
649 82 834 122 Actibus
857 81 1097 122 Humanis.
1484 86 1538 133 89

186 211 280 251 223.
315 200 502 254 Quoties
524 198 595 238 hic
617 211 761 237 sermo
784 196 866 237 erit
889 197 943 236 de
969 196 1221 248 ignorantia
1243 198 1436 239 vincibili
1461 205 1536 239 aut

126 268 380 317 invincibili,
416 267 524 307 haec
562 279 736 317 semper
759 264 1051 318 intelligenda
1073 272 1176 306 sunt
1210 267 1265 306 de
1288 267 1539 319 ignorantia

127 337 354 377 moraliter
392 333 585 375 vincibili
619 340 696 374 aut
734 333 1006 383 invincibili;
1050 347 1192 386 neque
1235 335 1352 374 enim
1394 336 1537 385 refert,

126 419 264 458 quum
305 403 450 457 agitur
479 403 535 443 de
572 401 921 454 obligationibus
965 402 1206 443 moralibus
1244 405 1537 455 exponendis,

126 472 422 526 ignorantiam
446 484 577 524 posse
605 470 692 511 alio
725 470 861 510 modo
895 470 1070 523 depelli,
1094 471 1176 510 nisi
1201 471 1244 511 id
1284 470 1375 511 fieri
1400 473 1540 525 possit

125 540 326 581 adhibita
347 539 582 592 diligentia
605 539 775 579 morali.

185 620 280 660 224.
314 608 575 661 Ignorantia
613 607 880 647 invincibilis
921 621 1096 660 semper
1133 614 1199 648 est
1237 607 1541 661 inculpabilis,-

127 690 258 717 nemo
273 677 391 716 enim
415 676 470 716 ad
494 675 769 729 impossibile
792 682 980 717 tenetur.
1045 676 1305 729 Ignorantia
1327 675 1545 716 vincibilis

127 746 367 798 aliquando
408 743 634 797 culpabilis
673 751 751 791 est,
800 744 1042 797 aliquando
1096 744 1380 797 inculpabilis,
1412 751 1544 797 prout

126 815 254 855 adest
296 813 366 853 vel
408 827 497 853 non
540 813 667 852 adest
720 812 935 865 obligatio
978 826 1075 852 earn
1119 812 1542 866 depellendi.—TT.

125 889 276 922 tamen
318 880 618 921 communiter
659 881 959 933 ignorantiam
1003 880 1244 921 vincibilem
1289 880 1544 933 intelligunt

125 963 223 990 eam
266 963 381 1003 quae
421 948 647 1002 culpabilis
688 955 782 999 est;
827 949 911 990 hoc
955 950 1088 1001 igitur
1124 964 1266 999 sensu,
1302 951 1383 989 nisi
1420 949 1547 990 aliter

125 1017 384 1067 declaretur,
425 1017 535 1058 haec
571 1032 661 1057 vox
714 1018 842 1058 nobis
892 1018 1078 1071 posthac
1135 1018 1424 1072 intelligenda
1464 1024 1545 1058 est.

127 1085 287 1139 Neque
337 1091 490 1126 tamen
543 1087 814 1127 censendum
884 1092 951 1127 est
1016 1087 1314 1140 ignorantiam
1369 1101 1545 1127 omnem

128 1154 425 1207 inculpabilem
449 1155 542 1207 pari
566 1154 701 1195 modo
725 1155 960 1195 dicendam
986 1170 1080 1196 esse
1104 1155 1393 1196 invincibilem
1408 1171 1427 1204 ‚·
1449 1156 1547 1209 quis

129 1223 247 1263 enim
281 1223 572 1264 invincibilem
607 1223 852 1276 appellaret
885 1224 1182 1277 ignorantiam
1216 1239 1300 1278 v.g.
1336 1224 1450 1265 illius
1473 1226 1547 1277 qui

129 1292 307 1344 ignarus
345 1298 412 1331 est
445 1292 550 1332 artis
588 1292 821 1341 scribendi,
844 1307 977 1345 quam
1024 1293 1145 1333 nulla
1183 1293 1280 1345 lege
1318 1293 1547 1333 addiscere

129 1365 315 1410 tenetur,
339 1359 547 1400 facillime
579 1374 683 1401 vero
718 1361 948 1401 addiscere
977 1367 1138 1414 potest,
1159 1361 1195 1402 si
1227 1361 1333 1402 velit
1351 1361 1546 1402 P—Con-

129 1428 320 1468 ditiones
343 1429 582 1481 requisitae
606 1435 653 1469 ut
687 1430 937 1481 ignorantia
970 1431 1026 1470 sit
1057 1430 1275 1470 vincibilis
1297 1444 1373 1470 seu
1396 1429 1546 1483 culpa-

128 1495 228 1536 bilis
250 1495 363 1536 infra
385 1495 698 1549 exponentur.l

188 1574 285 1616 225.
321 1565 580 1617 Ignorantia
598 1564 815 1606 vincibilis
831 1565 989 1606 iterum
1016 1566 1227 1606 dividitur
1244 1567 1285 1605 in
1304 1566 1548 1618 affectatam

129 1640 173 1674 et
196 1647 279 1673 non
301 1632 545 1686 affectatam
568 1647 643 1674 seu
667 1634 961 1687 negligentem.

189 1701 285 1742 226.
319 1699 581 1754 Ignorantia
621 1702 821 1755 affectata
864 1703 1025 1743 dicitur
1067 1716 1118 1743 ea
1161 1717 1276 1756 quae
1319 1709 1385 1743 est
1428 1702 1474 1742 in
1506 1716 1549 1742 se

129 1770 388 1819 voluntaria,
413 1784 465 1810 eo
497 1771 617 1823 quod
650 1772 747 1824 quis
783 1785 993 1824 expresse
1025 1771 1119 1811 vult
1158 1772 1218 1816 (n.
1248 1773 1332 1822 59.)
1358 1770 1546 1811 scientia

137 1853 296 1879 carere.
359 1843 381 1859 “
401 1837 559 1888 Talis,”
583 1839 645 1880 ait
675 1837 904 1889 Brocard‚²
925 1842 947 1858 “
963 1840 1178 1892 reperitur
1204 1839 1246 1879 in
1270 1839 1450 1878 homine
1473 1838 1547 1890 qui

132 1921 219 1947 non
252 1907 346 1947 vult
378 1907 596 1960 inquirere
628 1907 683 1947 de
715 1908 774 1947 rei
807 1909 1006 1957 veritate,
1044 1913 1102 1957 ut,
1135 1907 1408 1960 obligatione
1439 1906 1549 1959 legis

134 1976 348 2028 ignorata,
369 1975 439 2016 vel
462 1977 799 2017 excusationem
822 1976 1019 2029 aliquam
1043 1982 1264 2016 mereatur
1285 1974 1353 2016 vel
1371 1974 1548 2015 liberius

134 2058 315 2097 peccare
331 2045 498 2098 possit:
515 2059 602 2097 v.g.
621 2045 655 2084 si
679 2051 895 2085 mercator
916 2058 1125 2097 expresse
1145 2044 1313 2085 omittit
1330 2044 1548 2098 inquirere

135 2114 191 2153 de
213 2113 302 2152 suis
325 2112 496 2162 debitis,
522 2119 581 2162 ut,
605 2113 654 2153 iis
693 2113 917 2165 ignoratiS,
942 2125 1029 2152 non
1065 2112 1208 2152 solvat
1246 2111 1548 2161 creditoribus,

137 2181 206 2221 vel
229 2182 264 2221 si
286 2181 385 2234 quis
407 2181 513 2221 data
535 2195 669 2234 opera
692 2195 780 2221 non
803 2181 899 2221 vult
923 2187 1073 2233 petere
1097 2180 1329 2220 consilium
1353 2193 1483 2232 super
1505 2192 1551 2220 re

137 2251 251 2291 circa
288 2262 421 2302 quam
457 2249 646 2298 dubitat,
670 2263 725 2289 ne
768 2249 879 2289 forte
922 2248 978 2288 ab
1015 2262 1067 2288 ea
1103 2248 1324 2288 abstinere
1360 2247 1549 2288 debeat:

135 2319 190 2359 de
208 2317 368 2371 quibus
385 2317 573 2370 legimus
597 2318 717 2372 (Job,
741 2317 838 2358 xxi.
863 2319 950 2371 14.)
970 2331 978 2357 :
1014 2320 1021 2335 ‘
1040 2317 1170 2369 Impii
1194 2317 1403 2356 dixerunt
1422 2315 1522 2354 Deo
1542 2329 1550 2365 ;

138 2387 294 2428 recede
316 2400 342 2426 a
375 2386 514 2434 nobis,
539 2393 583 2426 et
615 2387 845 2427 scientiam
877 2386 1047 2426 viarum
1085 2390 1261 2424 tuarum
1300 2380 1547 2435 nolumus’;

466 2496 473 2514 ¹
494 2496 568 2526 Vid.
585 2506 620 2527 n.
639 2504 715 2535 242.

462 2539 475 2558 '2
498 2540 605 2570 Tract.
622 2540 658 2570 de
677 2540 893 2576 Conscientia,
914 2539 1051 2578 Quaest.
1073 2547 1098 2569 Ι.
1118 2542 1169 2569 art
1186 2538 1230 2568 vi.
