1716 2729
200 65 214 94 1
223 65 281 105 94
743 73 748 86 x
811 54 853 95 T
849 60 1040 95 ructatus
1434 51 1611 110 [GURY4

199 169 440 223 scriptoris,
478 168 602 222 cujus
636 184 783 223 opera,
815 171 994 212 saeculo
1039 171 1195 224 quinto
1233 169 1497 223 conscripta,
1528 170 1611 210 sub

200 237 379 279 nomine
398 237 439 279 S.
452 237 656 291 Dionysii
675 239 982 293 Areopagitae
993 241 1111 294 apud
1128 239 1611 290 auctore5‚praesertim

203 313 387 356 veteres,
423 307 548 347 citari
581 307 785 348 solebant
805 311 899 349 2-——“
919 309 1093 349 Bonum
1132 322 1189 348 ex
1234 308 1408 359 integra
1447 321 1610 348 causa:

205 375 369 415 malum
394 389 451 415 ex
474 389 739 429 quocunque
761 375 991 418 defectu.''1
1053 376 1186 430 Quod
1209 375 1390 429 quidem
1415 375 1611 425 axioma,

204 450 252 484 ut
274 444 336 484 ait
360 443 586 497 Esparza,2
607 451 673 485 est
696 446 756 485 ita
774 445 1084 499 accipiendum
1107 449 1129 466 “
1145 451 1193 486 ut
1209 451 1395 498 negetur
1416 445 1611 498 aliquam

205 545 214 554 .
254 545 261 553 .
306 513 555 554 bonitatem
589 514 803 554 moralem
836 515 1068 556 convenire
1097 528 1227 568 posse
1259 515 1377 554 actui
1409 514 1478 554 cui
1511 528 1614 555 con-

203 582 324 622 venit
346 581 495 634 aliqua
527 583 639 623 ratio
673 583 868 624 malitiae
900 583 1176 637 imputabilis
1209 584 1411 636 operanti
1433 589 1616 637 propter

204 651 395 690 eundem
419 650 739 692 actum.’'—-De
764 652 848 692 hoc
880 653 1110 693 axiomate
1141 652 1268 705 plura
1290 651 1419 692 insra3
1440 665 1613 706 expon-

204 720 320 760 enda
342 725 460 759 sunt.

267 798 363 840 550.
401 788 693 842 Praecipuum
728 803 833 831 vero
864 790 1113 830 sententiae
1135 790 1266 843 hujus
1298 796 1611 843 argumentum

206 857 267 897 sic
310 858 424 898 tradi
462 857 576 898 solet
592 858 731 899 2——Ut
768 865 891 899 actus
925 859 1090 900 habeat
1131 859 1379 899 bonitatem
1418 859 1614 911 aliquam

208 926 421 966 moralem
445 940 533 966 non
558 927 666 967 satis
689 933 755 967 est
776 927 980 981 objectum
1013 927 1107 980 ejus
1141 928 1239 967 Deo
1272 927 1459 980 placere,
1481 941 1559 967 seu
1588 941 1615 967 a

210 994 308 1034 Deo
330 995 580 1048 approbari,
604 1009 783 1036 necesse
805 1002 954 1037 autem
974 996 1153 1049 insuper
1175 1002 1241 1036 est
1259 1002 1307 1036 ut
1326 996 1424 1036 Deo
1440 996 1614 1050 placeat

207 1063 408 1115 oly'ectzlm
431 1063 525 1117 ejus
548 1078 635 1104 esse
654 1064 847 1115 volitum,
864 1071 998 1118 atque
1022 1065 1209 1105 volitum
1231 1065 1412 1117 quidem
1430 1078 1473 1104 eo
1493 1064 1616 1104 modo

208 1146 289 1184 quo
318 1139 448 1181 actus,
479 1134 535 1173 de
568 1147 656 1186 quo
686 1134 843 1186 agitur,
863 1134 976 1174 circa
1010 1134 1126 1174 illud
1154 1139 1366 1173 versatur.
1435 1132 1615 1185 Nequa—

208 1213 342 1252 quam
366 1215 469 1241 vero
494 1202 592 1241 Deo
615 1201 788 1254 placere
819 1209 968 1256 potest
1000 1209 1049 1242 ut
1080 1203 1179 1256 quis
1211 1202 1451 1255 objectum,
1475 1215 1616 1255 quan-

209 1270 372 1309 tumvis
407 1283 463 1309 ex
499 1284 544 1310 se
579 1270 757 1320 bonum,
779 1271 885 1312 velit
918 1272 977 1312 ob
1010 1271 1144 1311 finem
1181 1271 1360 1320 malum,
1391 1284 1534 1323 neque
1567 1276 1616 1311 ut

210 1338 496 1390 conjunctum
539 1353 639 1379 cum
678 1340 1013 1380 circumstantia
1050 1339 1183 1381 mala.
1268 1339 1389 1392 Ergo
1426 1353 1479 1385 eo
1518 1339 1616 1393 ipso

209 1406 328 1455 quod
374 1412 500 1446 actus
546 1406 803 1459 hujusmodi
836 1415 915 1459 est,
956 1409 1141 1449 omnino
1190 1421 1280 1448 non
1327 1415 1475 1461 potest
1521 1420 1617 1448 esse

212 1475 436 1515 moraliter
457 1476 634 1518 bonus.⁴

273 1552 366 1594 551.
401 1544 790 1597 Argumentantur
829 1545 1021 1599 denique
1063 1559 1120 1585 ex
1159 1559 1212 1585 eo
1254 1546 1374 1598 quod
1418 1545 1453 1585 si
1491 1550 1615 1585 actus

211 1618 361 1664 posset
397 1613 527 1654 simul
561 1628 658 1654 esse
692 1614 833 1654 bonus
869 1620 913 1654 et
947 1614 1103 1663 malus,
1137 1613 1246 1653 nihil
1279 1627 1387 1654 sane
1419 1614 1617 1654 obstaret

213 1681 450 1733 quominus
472 1683 570 1734 quis
593 1684 751 1723 eodem
773 1688 874 1723 actu
893 1688 1218 1736 promereretur
1233 1682 1371 1722 vitam
1389 1688 1616 1724 aeternam

214 1755 348 1801 atque
389 1764 579 1802 poenam
623 1751 890 1804 purgatorii:
937 1751 1056 1803 quod
1095 1750 1288 1803 quidem,
1324 1756 1373 1790 ut
1410 1750 1471 1790 ait
1507 1749 1618 1790 Vas·

214 1816 422 1870 quesius,⁵
465 1819 501 1858 si
547 1819 786 1859 adversarii
841 1819 1047 1869 fatentur,
1090 1819 1217 1859 fateri
1266 1819 1401 1859 etiam
1454 1818 1621 1859 debent

215 1887 442 1928 hominem
476 1902 607 1941 posse
649 1889 806 1929 eodem
846 1902 980 1942 opere
1020 1888 1249 1929 individuo
1289 1887 1421 1928 simul
1464 1888 1620 1928 mereri

215 1970 406 2009 poenam
429 1957 672 2010 purgatorii
706 1963 840 2010 atque
870 1970 950 2010 pro
982 1957 1139 1997 eadem
1162 1956 1426 1997 satisfacere.
1475 1957 1619 2010 ⁴Quae

217 2038 323 2065 sane
343 2027 421 2066 vix
444 2026 632 2066 dicenda
649 2026 865 2068 videntur.

279 2103 371 2145 552.
404 2092 580 2134 Deinde
632 2096 688 2135 ad
740 2100 1003 2147 argumenta
1054 2094 1209 2148 prioris
1260 2095 1508 2135 sententiae
1559 2095 1621 2135 sic

219 2165 489 2216 respondent
505 2178 571 2204 :—

214 2252 292 2260 μή..

262 2307 268 2324 ¹
286 2309 407 2339 Liada
421 2310 560 2340 Divinis
576 2308 792 2346 Nominibus,
813 2308 900 2350 Cap.
917 2318 949 2348 4.
968 2319 1002 2349 p.
1020 2316 1050 2348 3.

263 2352 276 2371 2
300 2353 354 2384 Tr.
374 2354 412 2384 de
425 2354 497 2383 Act.
515 2353 702 2390 Humanis,
723 2352 858 2393 Quaest.
877 2351 930 2383 28.

264 2394 277 2413 ³
292 2396 371 2426 Vid.
391 2396 487 2435 infra,
506 2407 562 2427 nn.
580 2396 652 2437 562.
672 2402 705 2427 et
721 2406 788 2437 seq.

263 2440 276 2460 ⁴
294 2440 370 2470 Vid.
386 2440 518 2479 Suarez,
539 2440 703 2481 Vasquez,
723 2439 881 2479 Esparza,
901 2438 1023 2475 Gonet‚
1043 2438 1125 2469 locis
1140 2448 1171 2469 n.
1194 2438 1267 2479 546.
1285 2438 1403 2470 citatis.

266 2483 278 2502 ⁵
296 2483 373 2514 Vid.
398 2483 563 2524 Vasquez,
578 2485 633 2515 ln.
654 2492 680 2514 1.
699 2491 729 2514 2.
746 2483 778 2512 S.
809 2482 955 2519 mamae,
976 2481 1071 2522 Disp.
1085 2488 1137 2520 70.
1156 2492 1230 2523 cap.
1249 2490 1282 2512 2.
1300 2493 1331 2512 n.
1350 2481 1392 2520 ὃς
1418 2481 1549 2516 Suarez,
1569 2480 1626 2511 Tr.

235 2527 403 2565 deGrasm,
427 2527 501 2558 Lib.
524 2535 571 2557 12.
592 2537 664 2568 cap.
682 2526 726 2557 iv.
746 2537 779 2557 n.
803 2534 850 2556 10.
869 2526 931 2557 Ed.
947 2525 1063 2557 vives.
1084 2526 1181 2556 Tom-
1206 2534 1256 2556 10.
1277 2536 1308 2566 p.
1327 2533 1379 2564 24.
