1716 2729
158 109 233 137 nn.
259 96 311 135 28
331 109 339 145 ;
373 106 439 146 31,
463 94 549 148 32.]
653 93 704 133 de
725 93 905 134 Actibus
929 93 1159 134 [inmanis.
1476 103 1555 145 231

157 225 236 265 per
267 210 522 263 hujusmodi
546 208 773 249 charitatis
809 215 934 250 actus
967 209 1010 250 in
1050 210 1197 250 Deum
1233 208 1489 258 referantur,
1511 215 1561 250 ut

158 291 216 318 ex
238 277 320 317 hac
343 275 555 316 relatione
578 276 799 316 moraliter
819 276 919 318 boni
936 277 1186 330 afficiantur,
1209 278 1284 317 sed
1308 291 1361 317 eo
1383 283 1558 317 tanturn

158 360 290 387 sensu
315 344 375 398 (b)
398 344 517 397 quod
550 349 673 384 actus
696 357 851 385 omnes
883 345 1075 398 alioquin
1099 344 1325 384 moraliter
1351 344 1460 394 boni,
1485 347 1562 397 qui

159 415 221 455 sic
243 413 536 468 perficiantur,
560 410 736 452 salteml
766 414 800 453 si
824 413 1154 454 conditionibus
1177 412 1443 465 quibusdam
1475 414 1563 452 sint

159 482 318 531 vestiti,
341 481 585 521 efficiantur
609 480 826 521 meritorii
842 481 1028 534 praemii
1059 481 1415 533 supernaturalis.

217 551 314 602 671.
351 550 424 589 Ex
461 548 598 589 altera
628 562 733 589 vero
767 556 892 603 parte
914 549 1032 591 haud
1072 550 1220 589 minus
1254 555 1430 589 constat
1463 564 1562 590 eam

162 618 388 659 charitatis
441 616 713 667 relationem,
764 619 820 658 de
871 632 960 671 qua
1019 624 1196 658 textum
1251 618 1566 672 interpretatur

164 687 208 729 S.
231 686 440 735 Thomas,
464 699 551 725 non
586 699 681 726 esse
713 687 1007 726 necessariam
1042 692 1088 726 ut
1121 692 1246 726 actus
1269 686 1356 726 sint
1379 700 1404 726 a
1435 686 1567 738 culpa

161 756 407 803 immunes;
440 754 636 807 alioquin
671 755 787 795 enim
810 755 943 808 plane
965 754 1202 795 dicendum
1227 760 1343 794 esset
1365 754 1566 794 infideles

161 830 206 865 et
242 829 509 877 peccatoreS,
534 837 671 876 quum
709 823 927 864 charitate
949 830 1142 873 careant,
1165 824 1207 863 in
1244 824 1453 864 omnibus
1476 824 1566 863 suis

162 894 368 949 operibus
392 892 605 946 peccare.2

220 964 317 1015 672.
353 962 502 1016 Quum
542 976 646 1015 ergo
684 961 840 1002 relatio
863 962 918 1002 de
949 975 1051 1015 qua,
1095 962 1334 1014 interprete
1371 962 1566 1003 Doctore

162 1032 395 1086 Angelico,
441 1032 649 1084 loquatur
689 1030 939 1084 Apostolus
982 1044 1128 1084 neque
1169 1031 1372 1079 sufficiat,
1425 1044 1568 1083 neque

163 1102 418 1154 requiratur,
440 1106 489 1140 ut
511 1107 646 1148 actus,
666 1099 863 1152 alioquin
889 1098 1205 1145 indifferentes
1226 1099 1449 1138 moraliter
1463 1099 1568 1138 boni

164 1171 420 1218 efficiantur,
443 1169 573 1221 plane
596 1169 795 1220 sequitur
816 1167 932 1207 hunc
950 1173 1141 1215 textum,
1163 1167 1336 1207 etiamsi
1360 1180 1568 1219 praecep-

163 1244 260 1278 tum
284 1238 493 1285 enuntiet,
512 1243 662 1277 tamen
679 1237 862 1276 omnino
884 1236 964 1276 abs
984 1249 1027 1275 re
1050 1235 1120 1275 hic
1143 1235 1315 1284 adduci,
1333 1235 1406 1275 ubi
1425 1236 1569 1287 agitur

168 1320 256 1347 non
281 1307 336 1347 de
369 1305 692 1358 supernaturali
731 1305 888 1345 merito
922 1310 1101 1344 actuum
1125 1304 1321 1356 alioquin
1345 1303 1569 1343 moraliter

212 1518 220 1539 ¹
241 1518 436 1549 Notandum
452 1518 586 1560 quidem
604 1523 652 1550 est
680 1518 770 1549 haud
795 1517 892 1550 facile
909 1529 991 1556 esse,
1012 1519 1177 1560 theologis
1195 1520 1265 1561 ejus
1281 1520 1381 1551 verba
1408 1519 1568 1561 interpre-

169 1562 315 1593 tantibus
332 1562 483 1593 sensibus
498 1569 569 1593 toto
581 1563 675 1593 coelo
691 1562 840 1600 diversis,
858 1563 1036 1603 genuinam
1051 1563 1085 1594 S.
1105 1564 1257 1595 Thomae
1273 1569 1417 1594 mentem
1436 1564 1568 1605 assequi

168 1605 210 1636 de
235 1605 358 1636 influxu
387 1606 557 1636 charitatis
588 1605 621 1636 in
653 1606 804 1636 meritum
832 1607 994 1636 bonorum
1022 1617 1158 1647 operum
1185 1618 1270 1648 quae
1296 1607 1377 1638 fiant
1408 1609 1566 1648 quamdiu

167 1659 279 1690 agens,
296 1654 371 1690 post
387 1654 495 1680 actum
514 1649 683 1680 charitatis
699 1649 858 1687 elicitum,
874 1649 905 1680 in
919 1654 1006 1680 statu
1022 1650 1146 1691 gratiae
1158 1656 1302 1682 maneat.
1343 1651 1438 1691 Quae
1455 1651 1569 1681 omnia

167 1691 238 1723 fuse
263 1692 399 1732 exponit
432 1692 602 1730 Mazzella,
638 1693 694 1723 Tr.
718 1693 756 1723 de
788 1693 972 1723 Virtutibus
995 1694 1137 1734 Infimis,
1163 1705 1182 1725 a
1214 1705 1248 1725 n.
1280 1702 1363 1734 1324
1395 1704 1499 1735 usque
1523 1695 1567 1725 ad

166 1746 201 1766 n.
224 1742 318 1776 1352,
336 1736 530 1777 praesertim
546 1747 624 1767 vero
641 1746 675 1766 n.
697 1743 791 1776 1335,
810 1742 842 1767 et
857 1747 913 1767 nn.
933 1736 1130 1778 1348-1351.

211 1779 402 1810 Secundum
416 1780 487 1810 TT.
508 1779 595 1810 haud
614 1790 737 1821 paucos
747 1781 845 1811 docet
862 1780 896 1811 S.
915 1780 1063 1811 Thomas
1080 1780 1266 1812 meritorios
1279 1780 1311 1811 in
1323 1781 1440 1812 ordine
1455 1791 1566 1822 super-

167 1823 309 1853 naturali
338 1833 409 1853 esse
434 1833 550 1854 omnes
576 1823 713 1854 omnino
739 1829 831 1855 actus
851 1824 1019 1854 moraliter
1046 1824 1153 1855 bonos
1178 1825 1235 1865 qui
1259 1825 1302 1855 ab
1326 1824 1567 1865 hominejusto

168 1865 249 1896 fiant
273 1872 450 1907 postquam
476 1873 586 1897 actum
608 1867 777 1898 eharitatis
801 1867 950 1898 elicuerit
969 1866 1048 1908 (vid.
1067 1878 1135 1908 v.g.
1167 1869 1271 1909 Gury,
1300 1869 1389 1899 Part.
1408 1868 1428 1899 i.
1450 1879 1484 1898 n.
1511 1876 1565 1907 32.

167 1919 278 1949 quaer.
291 1909 341 1946 60,
362 1915 409 1948 70,
429 1909 485 1946 8⁰3
501 1915 534 1941 et
549 1910 780 1941 adnotationes
794 1911 829 1942 P.
850 1911 1008 1941 Ballerini
1023 1911 1147 1942 ibidem
1172 1911 1359 1952 adjectae);
1383 1912 1566 1943 secundum

167 1951 252 1983 alios
268 1963 346 1983 vero
373 1954 408 1983 S.
430 1953 559 1984 Doctor
587 1955 721 1994 insuper
737 1954 838 1995 exigit
866 1954 1075 1985 conditiones
1102 1955 1275 1996 quasdam,
1291 1955 1333 1986 de
1354 1955 1473 1996 quibus
1497 1955 1564 1986 vid.

167 1995 328 2026 Mazzella
349 1996 406 2026 Tr.
424 1997 462 2026 de
484 1997 662 2027 Virtutibus
680 1997 820 2037 an‘uszs,
840 2008 894 2028 nn.
916 2005 1110 2038 1324-1352.

210 2039 289 2069 Alia
304 2050 383 2070 vero
400 2045 447 2070 est
465 2040 628 2071 sententia
654 2041 686 2072 S.
709 2041 971 2077 Bonaventume,
991 2042 1048 2082 qui
1072 2042 1180 2079 docet,
1200 2051 1268 2072 non
1290 2041 1397 2072 solum
1422 2046 1457 2072 ut
1482 2051 1567 2082 opus

166 2081 314 2124 alioquin
331 2083 521 2114 indifferens
537 2083 594 2114 fiat
610 2084 779 2114 moraliter
794 2085 932 2121 bonum,
951 2085 1009 2115 sed
1022 2085 1122 2115 etiam
1139 2091 1174 2115 ut
1192 2095 1276 2125 opus
1291 2085 1440 2126 alioquin
1457 2095 1566 2115 mora-

165 2124 242 2156 liter
263 2125 400 2163 bonum,
419 2126 470 2157 vel
487 2127 520 2157 in
544 2127 679 2158 homine
695 2127 892 2159 charitatem
915 2127 1070 2166 habente,
1089 2128 1294 2159 meritorium
1317 2128 1373 2159 fiat
1389 2128 1424 2158 in
1447 2128 1564 2160 ordine

168 2169 423 2209 supernaturali,
450 2170 601 2201 renovari
629 2170 750 2202 debere
777 2171 984 2208 relationem,
1012 2182 1069 2202 seu
1095 2172 1350 2208 ordinationem,
1380 2172 1408 2202 si
1431 2181 1499 2202 non
1522 2172 1566 2202 ad

167 2211 299 2252 singula
315 2223 427 2253 opera,
441 2213 553 2244 saltem
569 2213 616 2244 ad
638 2214 788 2255 singulas
809 2219 941 2255 operum
965 2215 1060 2245 series
1078 2213 1155 2255 (vid.
1174 2216 1276 2256 Gury,
1299 2216 1386 2246 Part.
1403 2214 1424 2245 i.
1443 2225 1476 2246 n.
1493 2219 1565 2255 35.)

170 2255 243 2286 “Si
259 2255 375 2297 opus,’'
391 2256 437 2287 ait
455 2256 490 2288 S.
508 2257 743 2288 Bonaventura
763 2257 815 2298 (In
833 2266 851 2288 2
871 2258 962 2290 Sent.
980 2258 1069 2289 Dist.
1087 2267 1140 2298 41.
1155 2264 1216 2289 art.
1235 2259 1257 2289 i.
1276 2263 1404 2300 quaest.
1420 2265 1450 2298 3.
1466 2259 1509 2289 ad
1519 2258 1565 2294 6),

170 2298 340 2330 “alterius
355 2300 487 2341 generis
503 2300 675 2341 inciperet,
695 2306 864 2342 oporteret
881 2306 916 2333 ut
933 2301 1074 2333 intentio
1090 2307 1313 2338 renovaretur,
1329 2307 1365 2333 ut
1380 2312 1465 2343 opus
1480 2307 1567 2333 esset

163 2340 406 2376 meritorium.”

211 2385 278 2416 Sed
296 2386 337 2416 de
353 2386 416 2424 his,
435 2397 473 2418 ac
489 2387 530 2418 de
547 2386 619 2418 aliis
636 2398 720 2429 quae
744 2387 786 2419 ad
809 2387 963 2419 meritum
987 2392 1150 2430 spectant,
1167 2388 1233 2419 vid.
1249 2388 1329 2419 AA.
1346 2387 1381 2419 in
1404 2388 1566 2419 Tractatu

166 2428 205 2460 de
238 2429 366 2468 Gratia,
395 2435 431 2461 ut
456 2440 524 2471 v.g.
551 2431 697 2472 Murray,
730 2432 787 2463 Tr.
817 2433 855 2462 de
884 2432 1010 2470 Gratia,
1037 2431 1136 2474 Disp.
1169 2440 1219 2470 12,
1244 2437 1276 2463 et
1301 2437 1452 2463 auctores
1481 2441 1566 2473 quos

166 2471 305 2511 ibidem,
326 2473 518 2514 praesertim
542 2483 598 2506 nn.
627 2475 789 2513 114-116.,
805 2475 897 2506 citat.

212 2515 225 2534 ²
242 2516 319 2546 Vid.
351 2516 493 2558 primam
526 2517 562 2549 P.
597 2517 755 2549 Ballerini
785 2517 1037 2550 adnotationem
1068 2518 1102 2550 in
1133 2518 1238 2559 Guiy,
1274 2518 1365 2550 Part.
1398 2518 1420 2549 i.
1450 2529 1484 2549 n.
1510 2526 1566 2559 32.

166 2570 279 2603 quaer.
296 2566 344 2601 5ο.
