1716 2729
117 86 187 112 nn.
213 81 280 120 22,
301 69 385 126 23.]
566 70 618 110 de
635 69 818 110 Actibus
845 69 1076 110 Humanis.
1446 82 1520 122 141

112 193 319 240 operetur
351 186 447 227 bene
476 192 520 226 et
550 185 748 234 honeste,·
779 191 824 225 et
855 185 929 237 qui
962 184 1065 224 facit
1099 186 1218 237 quod
1251 186 1333 226 sibi
1366 202 1391 226 a
1426 187 1525 227 Deo

113 269 232 297 mere
263 255 528 308 permissum
561 268 657 295 esse
691 253 911 306 intelligit,
950 259 1100 294 actum
1133 261 1271 306 ponat
1295 256 1529 309 moralem,

119 324 322 378 quamvis
352 338 433 364 nec
468 323 635 364 bonum
665 321 902 370 moraliter,
925 335 1005 362 nec
1038 321 1217 369 malum,
1240 323 1316 363 sed
1351 324 1523 377 z'ndzffe-

113 391 324 434 rente7n.’'¹

172 474 266 516 373.
301 463 563 516 Antequam
593 459 820 500 solvantur
852 458 1135 500 difficultates
1168 472 1282 512 quae
1315 461 1523 501 adversus

112 532 361 574 doctrinam
400 530 615 571 traditam
657 528 800 582 urgeri
851 527 1009 577 solent,
1050 528 1379 581 praemittenda
1421 536 1524 570 sunt

111 601 330 653 quaedam
369 599 425 640 de
459 598 634 640 duobus
671 597 815 637 modis
853 596 1013 650 quibus
1059 601 1184 637 actus
1230 602 1378 650 potest
1429 611 1523 638 esse

113 668 335 710 moraliter
369 668 513 709 bonus
550 672 626 707 aut
669 666 839 715 malus;
874 664 938 718 (ιι)
978 664 1205 705 intrinsece
1244 678 1320 705 seu
1358 665 1411 705 ab
1459 666 1522 706 in—

111 736 288 777 trinseco
301 750 321 783 ,·
353 742 397 777 et
422 735 483 790 (b)
509 735 738 776 extrinsece
758 747 834 774 seu
856 734 910 774 ab
930 733 1168 774 extrinseco.

170 814 264 857 374.
298 805 458 858 Itaque
485 804 546 857 (a)
578 803 810 844 intrinseca
842 801 1010 842 bonitas
1041 807 1117 842 aut
1152 801 1328 842 malitia
1364 802 1524 843 dicitur

110 886 161 914 ea
203 887 328 927 quae,
365 885 504 927 quum
540 886 598 913 ex
633 872 739 925 ipsis
771 884 914 912 rerum
947 870 1149 911 essentiis
1171 870 1375 924 profluat,
1402 871 1523 912 nullo

111 942 246 982 modo
279 941 444 995 pendet
481 956 539 982 ex
575 941 721 981 liberis
743 939 914 980 actibus
946 939 1210 992 cujusquam
1243 939 1521 992 legislatoris.

111 1007 185 1050 Sic
207 1023 288 1062 vg.
315 1009 551 1051 intrinsece
588 1008 705 1049 mala
738 1013 840 1048 sunt
873 1021 925 1047 ea
961 1020 1074 1060 quae
1097 1007 1159 1047 ita
1181 1008 1523 1049 disconveniunt

109 1083 292 1118 naturae
333 1085 560 1119 creaturae
602 1076 841 1125 rationalis,
877 1081 953 1116 aut
995 1074 1070 1115 fini
1114 1076 1170 1116 ad
1229 1089 1361 1128 quem
1407 1090 1522 1117 asse-

109 1146 336 1200 quendum
362 1160 387 1186 a
410 1146 509 1187 Deo
531 1146 773 1186 constituta
790 1145 858 1194 sit,
877 1150 925 1185 ut
947 1157 1035 1184 non
1056 1144 1196 1196 possit
1220 1144 1344 1186 Deus
1367 1159 1419 1185 ea
1434 1159 1522 1185 non

109 1214 368 1268 prohibere;
411 1215 533 1256 Deus
551 1215 681 1264 enim,
704 1228 840 1268 quum
874 1213 956 1254 sibi
989 1213 1290 1254 contradicere
1320 1220 1523 1267 nequeat,

109 1284 358 1324 necessario
379 1284 474 1324 vult
497 1291 544 1324 ut
567 1290 769 1324 creatura
790 1282 1017 1323 rationalis
1043 1296 1218 1335 semper
1250 1289 1355 1336 agat
1388 1283 1523 1323 modo

109 1358 293 1392 naturae
330 1352 561 1401 conformi,
593 1358 637 1392 et
674 1351 775 1392 ideo
813 1365 859 1391 se
895 1351 1117 1391 abstineat
1149 1351 1205 1391 ab
1237 1352 1288 1391 iis
1315 1354 1523 1396 omnibus

109 1433 223 1473 quae
263 1421 552 1462 adversentur
593 1421 800 1474 dignitati
838 1426 1036 1470 naturae,
1076 1425 1152 1460 aut
1187 1419 1262 1460 fini
1300 1423 1356 1462 ad
1389 1437 1521 1475 quem

108 1491 436 1542 assequendum
471 1490 715 1530 constituta
736 1490 802 1530 sit.
867 1488 996 1542 Quae
1018 1489 1078 1529 sic
1101 1491 1350 1531 necessario
1374 1506 1398 1531 a
1422 1492 1522 1534 Deo

106 1560 409 1613 prohibentur,
432 1561 640 1601 dicuntur
661 1558 881 1613 prohiberi
905 1558 1003 1612 lege
1024 1565 1200 1599 aeterna
1223 1574 1273 1600 ac
1291 1562 1521 1602 naturalis

108 1628 146 1668 E
188 1629 409 1669 contrario
451 1628 674 1681 quaedam
717 1633 820 1668 sunt
870 1627 983 1668 adeo
1034 1627 1279 1669 conformia
1335 1636 1520 1671 naturae

106 1694 310 1736 rationali
335 1702 382 1737 ut
405 1695 497 1737 fieri
521 1709 608 1736 non
632 1696 772 1748 possit
794 1695 900 1749 quin
923 1695 1047 1735 Deus
1070 1709 1122 1735 ea
1145 1697 1364 1750 approbet
1386 1704 1521 1751 atque

106 1766 199 1807 fieri
235 1767 366 1809 velit:
403 1782 517 1821 quae
554 1767 761 1809 dicuntur
797 1766 1022 1807 intrinsece
1055 1766 1243 1808 honesta
1279 1782 1355 1808 seu
1393 1769 1520 1810 bona.

107 1835 182 1878 Sic
203 1850 286 1890 v.g.
308 1837 544 1878 intrinsece
566 1836 684 1877 mala
706 1841 773 1876 est
794 1834 1087 1888 blasphemia,
1110 1842 1186 1876 aut
1219 1836 1370 1877 odium
1405 1837 1491 1878 Dei
1513 1854 1520 1888 ;

106 1904 340 1946 intrinsece
376 1919 479 1946 vero
518 1905 661 1946 bonus
695 1910 762 1944 est
799 1910 923 1944 actus
960 1903 1198 1957 religioniS‚
1238 1912 1313 1945 aut
1356 1907 1519 1946 amoris

105 1976 253 2017 divini.

167 2053 261 2096 375.
294 2045 470 2085 Deinde
495 2044 556 2098 (b)
576 2043 811 2084 extrinseca
833 2042 1008 2083 malitia
1029 2043 1190 2083 dicitur
1211 2056 1263 2082 ea
1292 2057 1406 2096 quae
1430 2058 1515 2084 non

106 2113 309 2166 provenit
347 2114 429 2153 nisi
469 2127 528 2153 ex
563 2118 664 2153 actu
698 2111 837 2152 libero
874 2110 1149 2164 legislatoris,
1184 2112 1276 2152 sive
1309 2112 1393 2151 Dei
1425 2113 1516 2152 sive

106 2180 307 2221 hominis.
374 2181 447 2223 Sic
468 2196 550 2235 vg.
576 2182 619 2221 in
643 2181 740 2234 lege
762 2186 909 2221 vetere
942 2179 1109 2220 malum
1143 2186 1248 2229 erat,
1271 2186 1316 2220 at
1338 2185 1513 2220 tantum

105 2252 341 2302 extrinsece,
381 2252 555 2293 servilia
597 2265 732 2304 opera
773 2250 843 2290 die
887 2249 1059 2290 sabbati
1102 2263 1337 2303 peragere;
1371 2263 1513 2302 neque

106 2321 225 2361 enim
264 2320 308 2361 id
344 2320 625 2361 inhonestum
664 2326 757 2360 erat
791 2319 874 2359 nisi
909 2319 1013 2371 quia
1047 2333 1072 2358 a
1104 2318 1203 2360 Deo
1241 2318 1511 2371 prohibitum

279 2465 287 2487 ¹
309 2466 455 2505 Rassler,
474 2467 606 2499 Norma
622 2467 721 2501 Rati,
739 2466 835 2507 Disp.
853 2474 880 2496 1.
897 2470 1023 2506 quaest.
1040 2465 1061 2496 i.
1081 2475 1115 2495 n.
1135 2473 1187 2495 20.

278 2509 291 2529 2
304 2510 358 2541 De
376 2510 465 2551 Lege
482 2509 650 2549 Naturali,
668 2510 737 2541 vid.
753 2509 848 2548 infra,
864 2509 899 2540 in
914 2509 1028 2540 Tract.
1046 2508 1083 2539 de
1100 2508 1249 2549 Legibus.

1582 1346 1598 1369 Ο
