1716 2729
134 141 173 168 n.
197 125 258 180 7.]
557 121 605 161 de
626 117 806 160 Actibus
826 112 1059 154 Humanis.
1467 114 1516 157 35

134 240 390 282 secundam:
431 235 539 277 nihil
580 234 695 274 enim
741 228 1035 271 voluntarium
1078 238 1171 265 esse
1212 228 1370 276 potest,
1402 221 1520 273 quod

134 311 252 365 prius
269 322 356 349 non
373 307 428 347 sit
449 305 594 357 aliquo
616 301 749 341 modo
770 296 1005 350 cognitum.
1059 292 1217 345 Itaque
1237 303 1318 342 v.g.
1336 289 1522 328 ebrietas

135 376 354 418 censenda
385 386 472 413 non
503 377 569 411 est
600 366 846 410 voluntaria
886 364 929 404 in
971 376 1023 402 eo
1054 361 1129 413 qui
1161 373 1208 399 se
1238 357 1423 397 inebriat
1463 370 1519 395 ex

136 444 308 485 modico
323 442 481 481 haustu
503 438 680 491 liquoris
703 434 825 487 cujus
840 433 933 473 -vim
957 429 1077 470 nullo
1099 428 1232 468 modo
1254 421 1496 478 suspicatur
1514 437 1522 473 ;

137 526 277 565 neque
299 507 584 550 homicidium
617 510 838 558 patratum
871 501 925 540 ab
958 497 1077 538 ebrio
1108 495 1196 549 qui,
1218 507 1264 534 se
1296 491 1524 538 inebrians,

137 580 256 621 nullo
296 578 429 618 modo
488 573 676 615 advertit
735 571 790 612 ad
846 566 1086 622 periculum
1146 560 1369 603 homicidii
1424 559 1524 598 inde

137 643 605 690 oriturum.--Dicitur‚
627 640 776 681 saltem
818 638 861 678 ἐκ
902 634 1073 687 confuso
1112 632 1342 679 advertat,
1383 641 1525 679 neque

137 717 252 756 enim
295 715 351 754 ad
390 710 682 754 voluntarium
734 705 964 760 requiritur
1013 700 1214 742 distincta
1255 694 1526 737 advertentia

139 783 320 824 effectus
355 780 571 821 secuturi:
609 778 669 817 sic
699 789 779 828 vg.
801 774 836 814 si
868 772 977 825 quiS,
997 767 1224 822 diligentia
1254 765 1404 805 debita
1438 775 1525 802 non

140 851 389 906 praemissa,
409 847 618 900 suscipiat
649 843 838 884 officium
870 838 1041 888 medici,
1066 835 1239 890 judicis,
1261 831 1524 878 confessarii,

138 926 236 968 etc„
256 919 362 958 dum
385 917 585 957 advertat
606 927 650 953 se
672 924 817 952 carere
838 907 1019 949 scientia
1050 904 1229 945 omnino
1251 900 1458 954 requisita
1481 905 1528 938 ut

141 987 283 1027 officio
304 984 416 1026 tanti
447 982 590 1023 oneris
623 981 703 1020 rite
734 979 953 1031 fungatur,
975 981 1018 1014 et
1050 973 1149 1012 ideo
1180 971 1256 1011 vix
1288 968 1378 1009 fieri
1399 980 1527 1021 posse

140 1055 244 1108 quin
280 1050 336 1093 sit
368 1052 411 1092 in
444 1063 607 1091 errores
653 1045 1000 1101 quamplurimos
1039 1041 1251 1094 lapsurus,
1300 1037 1383 1077 hoc
1425 1049 1529 1075 sane

141 1121 299 1162 sufficit
319 1126 368 1160 ut
397 1117 690 1161 voluntarium
724 1116 770 1155 z'n
799 1126 927 1153 cansa
949 1111 1186 1151 'censeatur
1217 1106 1531 1146 detrimentum

143 1189 337 1238 infirmis,
388 1186 675 1239 litigantibus,
734 1179 1074 1236 poenitentibus,
1126 1182 1218 1225 etc„
1259 1178 1530 1217 eventurum,

147 1271 289 1310 neque
331 1255 562 1308 requiritur
601 1259 650 1293 ut
690 1252 889 1291 advertat
943 1247 997 1287 ad
1049 1243 1222 1297 singula
1270 1243 1433 1282 damna
1472 1240 1533 1279 ita

144 1331 355 1372 secutura,
376 1323 494 1376 quod
535 1321 714 1374 quidem
755 1318 884 1371 plane
934 1328 1020 1355 non
1062 1317 1208 1366 potest
1248 1307 1533 1350 fieri.1—Huc

144 1406 319 1448 quoque
350 1396 520 1445 spectat
551 1387 770 1429 sententia
802 1399 840 1425 n.
870 1394 935 1434 42.
960 1385 1216 1429 memorata,
1240 1391 1352 1431 quae
1379 1375 1533 1416 statuit

145 1461 441 1503 voluntarium
466 1471 561 1498 esse
583 1469 712 1510 posse
733 1467 832 1494 cum
865 1449 1138 1492 advertentia
1159 1452 1331 1487 tantum
1353 1442 1538 1484 virtuali

145 1544 220 1570 seu
243 1526 574 1577 interpretativa.
635 1522 754 1576 Quid
776 1534 878 1562 vero
900 1519 955 1559 sit
976 1519 1032 1558 de
1053 1529 1104 1557 ea
1125 1513 1402 1554 sentiendum
1426 1510 1537 1551 infra

145 1593 419 1638 videbimus.‘-'

203 1674 269 1716 95.
304 1663 534 1703 Hactenus
555 1660 647 1700 TT.
670 1659 776 1698 satis
798 1658 910 1696 inter
931 1668 976 1694 se
1000 1650 1296 1692 consentiunt.
1360 1646 1536 1687 Deinde

150 1746 249 1773 vero
269 1731 406 1771 oritur
427 1728 722 1770 controversia
753 1739 855 1766 num
888 1724 1065 1775 insuper
1081 1718 1204 1759 tertio
1225 1716 1469 1769 requiratur
1490 1720 1538 1753 ut

148 1814 294 1853 agenS,
335 1812 470 1852 quum
512 1797 572 1837 sic
622 1794 858 1835 adverterit
907 1791 963 1831 ad
1014 1787 1218 1828 effectum
1269 1790 1536 1828 secuturum,

148 1873 347 1908 teneatur
387 1866 486 1905 ideo
527 1863 744 1904 abstinere
784 1859 1016 1913 quominus
1067 1866 1243 1895 causam
1297 1857 1445 1905 ponat,
1486 1863 1541 1889 ne

150 1935 331 1976 effectus
354 1934 426 1974 ille
448 1938 665 1986 sequatur.

207 2003 273 2055 96.
307 2001 433 2055 Quae
466 2000 666 2054 quaestio
696 2004 745 2038 ut
780 1995 1062 2047 intelligatur,
1098 1988 1541 2032 animadvertendum

151 2080 218 2114 est
231 2072 414 2113 actionis
431 2070 640 2123 adjuncta
653 2066 891 2121 aliquando
908 2062 1125 2117 ejusmodi
1142 2074 1236 2101 esse
1253 2058 1315 2112 (a)
1334 2064 1381 2098 ut
1398 2069 1545 2110 agens,

153 2154 288 2194 quum
310 2141 365 2180 ad
387 2139 591 2179 effectum
613 2136 835 2191 quendam
860 2147 917 2173 ex
935 2131 1107 2172 actione
1124 2134 1372 2169 secuturum
1394 2126 1544 2165 adver-

153 2209 265 2257 terit,
280 2213 481 2247 teneatur
497 2205 715 2246 abstinere
728 2202 962 2256 quominus
980 2199 1211 2245 actionem,
1233 2196 1314 2236 etsi
1332 2195 1375 2234 in
1392 2207 1437 2233 se
1455 2205 1549 2232 om-

155 2276 259 2316 nino
273 2275 449 2321 licitam,
466 2273 659 2325 perficiat
674 2286 683 2322 ;
701 2269 940 2322 aliquando
953 2281 1055 2308 vero
1072 2264 1289 2318 ejusmodi
1307 2276 1402 2303 esse
1419 2260 1475 2312 (b)
1490 2266 1536 2299 ut

155 2344 326 2384 etiamsi
349 2341 583 2383 adverterit
613 2341 668 2381 ad
702 2339 866 2380 malum
890 2337 1094 2377 effectum
1128 2340 1391 2380 secuturum,
1423 2327 1547 2368 nihil-

157 2413 330 2453 ominus
348 2424 476 2463 agere
492 2410 630 2450 liceat.
664 2409 734 2449 De
748 2405 1127 2461 quaobligatione,
1143 2402 1323 2455 ejusque
1340 2398 1483 2439 radice
1497 2410 1547 2436 ac

456 2546 464 2568 ¹
482 2544 562 2575 Vid.
580 2544 731 2581 Lacroix,
751 2543 829 2574 Lib.
851 2551 879 2573 1.
898 2543 950 2572 De
965 2541 1109 2581 Legibus,
1129 2550 1162 2569 n.
1185 2537 1258 2578 756.

320 2591 332 2610 ’Ξ
350 2589 427 2620 Vid.
445 2587 540 2619 infra.
558 2598 615 2619 nn.
637 2595 804 2625 ¹04-1093
829 2592 860 2617 et
876 2595 910 2616 n.
933 2592 1002 2623 192,
1024 2583 1157 2614 Resolv.
1180 2587 1224 2618 10,
1243 2580 1397 2610 60—100.
