1716 2729
175 129 261 170 204
766 121 995 164 Tractatns
1409 122 1589 177 [GURV‚

173 235 309 274 divini
328 235 451 288 juris,
473 242 568 277 tum
592 238 806 279 naturalis
828 246 923 280 tum
948 239 1140 293 positivi,
1163 253 1253 293 qua
1273 238 1421 288 homo,
1437 242 1460 259 “
1477 252 1588 292 quo-

173 304 437 358 tiescunque
469 305 714 347 deliberate
746 308 854 360 agit,
895 315 1061 348 tenetur
1088 307 1253 348 actioni
1270 321 1375 347 suae
1398 307 1588 360 praesti-

169 377 292 411 tuere
306 372 436 422 finem
458 373 701 415 honestum:
725 377 845 428 quod
869 377 903 416 si
921 376 1064 421 faciat.
1082 383 1207 417 actus
1232 376 1386 427 (modo
1409 375 1589 416 aliunde

175 453 263 479 non
287 440 344 480 sit
376 441 535 491 malus)
559 443 641 483 erit
663 441 807 484 bonus
830 458 837 493 ;
861 445 895 484 si
919 458 1006 484 non
1031 444 1178 493 faciat,
1200 445 1282 484 erit
1305 443 1461 494 malus,
1482 444 1588 497 quia

165 508 342 549 carebit
365 508 451 549 fine
473 510 556 550 sibi
589 512 742 552 debito
763 528 770 552 :
794 526 901 566 ergo
924 526 1012 553 non
1037 514 1181 562 datur,
1203 526 1284 553 nec
1307 512 1402 553 dari
1425 518 1588 566 potest,

173 583 299 618 actus
342 578 388 618 in
433 579 661 620 individuo
701 580 1017 623 indifferens.”1
1096 582 1213 622 Aliis
1256 582 1391 634 igitur
1430 581 1589 630 verbis,

173 645 438 687 Thomistae
460 649 623 689 docent
645 650 844 690 actiones
867 664 925 691 ex
957 650 1135 704 objecto
1158 649 1470 699 indifferentes,
1503 662 1588 703 v.g.

164 719 190 735 ⁴‘
206 730 253 756 se
295 717 535 759 calefacere
587 721 644 760 ad
687 721 1006 774 expellendum
1050 721 1201 775 frigus,
1244 720 1477 761 ambulare
1517 720 1588 761 vel

168 787 396 839 quiescere
418 795 601 842 propter
623 790 874 841 sanitatem,
896 791 1048 832 audire
1067 796 1333 831 concentum
1349 790 1584 838 musicum,

170 856 368 909 aspicere
400 857 586 910 pulchra
608 859 717 909 visu,
739 860 927 900 odorare
964 860 1108 909 flores,
1129 866 1224 909 etc.,
1247 866 1342 907 etc.,
1379 872 1469 899 non
1491 872 1588 899 esse

166 923 488 975 indifferentes,
510 928 587 967 sed
611 927 752 968 bonas
775 928 844 968 vel
869 928 1025 979 malas,
1051 929 1160 969 dum
1197 928 1243 969 in
1282 927 1513 968 individuo
1543 933 1589 968 et

163 993 415 1035 deliberate
449 1002 729 1037 exercentur.
794 997 946 1037 Bonae
984 1004 1099 1045 sunt,
1122 997 1156 1036 si
1180 1010 1268 1037 non
1293 1003 1591 1036 exerceantur

173 1077 293 1104 mere
314 1070 498 1118 propter
528 1064 641 1104 tales
672 1064 794 1114 fines,
817 1066 894 1106 sed
928 1065 1114 1106 ulterius
1149 1066 1405 1117 reserantur
1433 1064 1490 1104 ad
1513 1063 1591 1104 ali-

168 1146 303 1184 quem
327 1132 459 1173 finem
483 1128 721 1174 honestum
752 1168 760 1174 .
795 1167 803 1175 .
836 1168 843 1174 .
878 1148 962 1188 vg.
987 1135 1095 1175 dum
1119 1135 1217 1187 quis
1241 1133 1498 1182 manducat,
1513 1139 1591 1174 aut

166 1213 217 1240 se
234 1200 447 1250 calefacit,
470 1214 525 1241 ne
547 1201 746 1255 alioquin
779 1201 856 1242 fiat
880 1202 1087 1243 inhabilis
1110 1203 1166 1243 ad
1200 1201 1476 1255 fungendum
1499 1201 1590 1242 suis

169 1270 331 1310 muniis
363 1304 369 1310 .
407 1302 416 1310 .
450 1302 458 1310 .
521 1269 675 1310 Malae
704 1277 808 1310 sunt
845 1271 889 1310 si
926 1276 1200 1310 exerceantur
1241 1269 1336 1310 sine
1369 1268 1590 1322 ejusmodi

150 1338 265 1392 fine,
295 1352 378 1392 v.g.
402 1339 508 1380 dum
543 1339 642 1391 quis
675 1340 932 1389 manducat,
953 1347 1031 1380 aut
1054 1353 1101 1380 se
1132 1339 1349 1390 calefacit,
1373 1353 1492 1380 mere
1525 1340 1585 1380 ob

167 1406 525 1455 delectationem,
561 1407 630 1447 vel
668 1408 725 1448 ad
763 1407 1019 1448 evitandam
1058 1408 1309 1449 molestiam
1346 1408 1476 1448 famis
1513 1407 1586 1449 vel

167 1475 365 1528 frigoris;
403 1476 507 1528 quia
548 1483 654 1517 tunc
696 1484 848 1518 carent
891 1476 975 1518 fine
1023 1475 1235 1519 debit0.’'²
1297 1477 1404 1519 Uno
1444 1479 1583 1519 verbo

163 1545 417 1586 Thomistis
453 1559 541 1585 non
575 1546 683 1586 satis
725 1552 794 1587 est
831 1552 958 1588 actus
996 1560 1086 1587 non
1127 1561 1224 1587 esse
1259 1561 1317 1587 ex
1353 1561 1400 1587 se
1443 1547 1586 1587 malos

167 1612 335 1667 (neque
379 1615 434 1654 de
478 1613 606 1654 malis
658 1615 845 1662 actibus,
899 1623 947 1655 ut
989 1622 1128 1668 patet,
1172 1622 1322 1668 potest
1368 1616 1439 1656 hic
1490 1630 1587 1656 esse

165 1682 402 1735 quaestio),
445 1682 524 1722 sed
557 1683 737 1736 insuper
769 1684 959 1735 exigunt
999 1691 1048 1724 ut
1086 1684 1130 1724 in
1169 1683 1305 1724 finem
1344 1684 1584 1725 honestum

167 1750 420 1790 ulteriorem
455 1750 646 1802 positivo
687 1757 784 1790 actn
827 1751 1092 1802 referamur.
1169 1751 1290 1792 Num
1328 1766 1433 1793 vero
1474 1753 1583 1793 haec

159 1817 379 1858 docentes
402 1817 610 1870 Angelici
633 1818 699 1858 sui
724 1819 933 1859 Doctoris
957 1814 1224 1860 sententiam
1247 1827 1502 1874 sequantur,
1523 1835 1583 1861 ex

162 1885 280 1926 :infra
303 1888 393 1936 (nn.
417 1886 633 1937 674-688)
658 1887 858 1927 dicendis
880 1888 1064 1940 patebit.

225 1963 319 2006 594.
355 1954 544 2007 Insuper
587 1958 629 2006 5⁰
667 1957 1025 2009 praenotandum
1064 1963 1144 2006 est,
1181 1958 1237 1998 ad
1275 1958 1396 2012 quod
1427 1964 1580 2000 tamen

161 2025 241 2065 vix
264 2026 463 2066 animum
497 2026 730 2067 advertere
750 2027 960 2067 videntur
981 2027 1182 2080 plerique
1215 2041 1274 2067 ex
1306 2028 1359 2068 iis
1382 2028 1457 2081 qui
1479 2042 1580 2069 sen·

163 2094 352 2134 tentiam
396 2101 683 2147 propugnant
721 2094 1072 2144 Thomistarum‚
1100 2097 1410 2148 quaestionem
1443 2098 1579 2150 respi-

163 2175 263 2202 cere
295 2176 383 2202 non
408 2169 584 2203 tantum
609 2177 660 2204 ea
692 2177 806 2216 quae
829 2163 938 2204 fiant
968 2165 1024 2204 ob
1048 2163 1183 2204 finem
1215 2165 1468 2215 sensibilem,
1499 2166 1579 2207 sed

163 2246 215 2272 ea
237 2233 373 2273 etiam
407 2246 522 2285 quae
560 2232 668 2273 fiant
706 2234 763 2273 ob
802 2232 936 2273 finem
978 2233 1173 2286 aliquem
1213 2234 1471 2274 rationalem
1501 2234 1578 2287 qui

159 2307 314 2342 tamen
346 2315 435 2343 non
475 2303 532 2343 sit
553 2302 768 2343 honestus
805 2316 881 2342 seu
915 2302 1141 2342 moraliter
1177 2303 1331 2343 bonus.
1396 2303 1578 2343 Etenim

157 2371 346 2412 omnino
383 2372 521 2425 gratis
559 2371 812 2424 fingeretur,
846 2385 925 2411 nec
956 2371 1193 2425 quisquam
1228 2373 1373 2426 reipsa
1403 2372 1580 2412 videtur

295 2545 303 2562 ¹
324 2546 478 2584 Billuart‚
503 2547 562 2577 Tr.
581 2546 619 2576 de
634 2547 710 2577 Act.
731 2546 915 2583 Humanis,
945 2546 1035 2578 Diss.
1052 2556 1084 2586 4.
1102 2553 1161 2579 art.
1185 2555 1217 2588 5.
1238 2548 1403 2579 Probatur
1420 2544 1464 2579 2⁰.

294 2590 307 2609 ²
327 2590 435 2629 Perin‚
461 2590 520 2621 Tr.
537 2590 576 2621 de
585 2591 658 2622 Act.
680 2590 865 2625 Humanis,
883 2590 1022 2630 Quaest.
1040 2600 1073 2630 4.
1092 2597 1154 2622 art.
1173 2601 1205 2622 v.
1227 2590 1240 2631 §
1258 2600 1291 2622 2.
1309 2590 1376 2630 obj.
1393 2592 1438 2630 4⁰.
