1716 2729
146 92 214 144 68
744 92 973 132 Tmctatns
1087 98 1091 99 ⁷
1370 90 1569 145 [GURY‚„

147 206 295 246 liceret
329 207 572 260 quidquam
606 207 824 260 perficere,
860 213 992 259 atque
1029 213 1175 248 actum
1210 214 1324 247 esset
1360 213 1455 246 tum
1493 208 1547 247 de

148 274 301 313 morali
333 274 523 321 hominis
556 276 770 324 libertate,
802 282 894 316 turn
928 274 983 314 de
1014 275 1278 315 commercio
1310 274 1396 314 fere
1427 275 1547 313 omni

149 346 261 385 inter
292 345 494 386 homines
517 347 761 396 servando;
797 346 874 386 vix
907 345 1024 385 enim
1057 345 1298 398 quidquam
1331 351 1398 385 est
1430 345 1548 397 quod

149 414 261 452 inter
283 413 483 453 homines
507 414 597 454 fieri
621 414 746 462 solet,
769 427 827 453 ex
850 427 938 465 quo
962 413 1204 466 periculum
1238 413 1421 465 alicujus
1445 411 1549 452 mali

150 483 362 521 oriturum
417 496 503 521 non
552 489 698 535 potest
745 481 997 535 praevideri.
1080 481 1212 534 Quod
1258 481 1432 534 egregie
1489 481 1549 520 sic

148 557 322 591 enarrat
371 551 412 592 S.
445 551 724 603 Augustinus
745 546 996 598 :¹——“Nec,''
1033 550 1105 599 ait,
1137 553 1268 590 “reus
1301 556 1366 589 est
1397 549 1555 588 mortis-

148 618 328 667 alienae,
351 620 425 671 qui
447 619 715 672 possessioni
748 632 853 658 suae
885 631 1057 657 murum
1091 618 1446 666 circumduxerit,
1468 618 1550 656 etsi

149 686 305 739 aliquis
328 687 543 740 exipsius
577 688 710 728 ruinis
742 701 973 740 percussus
1006 688 1202 728 intereat.
1265 688 1421 739 Neque
1453 698 1550 726 reus

149 760 215 793 est
243 754 516 795 Christianus
549 756 584 795 si
617 756 697 795 bos
730 754 824 808 ejus
857 754 1050 807 aliquem
1083 755 1292 806 feriendo,
1314 755 1382 795 vel
1414 767 1552 807 equus

149 822 313 862 calcem
334 822 540 873 jaciendo
573 823 764 876 aliquem
798 823 1001 864 occidat:
1036 829 1113 864 aut
1146 824 1245 863 ideo
1277 836 1365 862 non
1389 822 1552 863 debent

152 888 388 929 Christiani
413 890 547 931 boves
581 891 745 931 habere
777 904 953 937 cornua,
975 897 1052 930 aut
1083 904 1220 943 equus
1256 890 1454 943 ungulas,
1477 896 1552 930 aut

149 958 303 997 dentes
341 959 533 998 canis?’'
612 959 799 1007 Deinde,
835 960 931 999 aliis
968 960 1236 1012 quibusdam
1270 959 1554 1012 interpositis,

150 1028 429 1080 prosequitur
450 1031 540 1067 :—“
558 1028 772 1081 Alioquin
807 1042 887 1069 nec
925 1029 1192 1069 ferramenta
1231 1029 1473 1069 domestica
1510 1036 1554 1068 et

151 1097 342 1148 agrestia
366 1104 468 1137 sunt
491 1097 707 1147 habenda,
729 1112 783 1138 ne
815 1099 912 1151 quis
943 1099 1003 1139 eis
1025 1098 1093 1138 vel
1123 1113 1169 1138 se
1189 1099 1257 1138 vel
1281 1099 1465 1138 alterum
1488 1099 1553 1138 in-

149 1165 328 1204 terimat
347 1179 355 1214 ;
386 1178 465 1205 nec
488 1166 618 1205 arbos
641 1172 718 1206 aut
742 1167 879 1215 restis,
894 1180 948 1206 ne
971 1168 1068 1219 quis
1090 1181 1136 1206 se
1159 1167 1260 1206 inde
1283 1167 1524 1218 suspendat
1543 1180 1552 1215 ;

150 1245 230 1272 nec
254 1232 444 1273 fenestra
477 1233 680 1275 facienda
714 1241 779 1275 est
806 1249 861 1274 ne
883 1249 959 1287 per
990 1235 1104 1274 hanc
1140 1249 1186 1274 se
1219 1235 1406 1288 quisque
1429 1249 1553 1287 prae-

152 1303 303 1354 cipitet
323 1304 337 1343 ?
373 1303 491 1356 Quid
516 1305 642 1356 plura
672 1318 1029 1354 commemorem,
1052 1318 1188 1357 quum
1211 1318 1262 1344 ea
1284 1318 1552 1344 commemo-

149 1371 285 1413 randa
312 1370 434 1410 finire
459 1386 545 1412 non
569 1373 750 1425 possim.
805 1371 923 1425 Quid
947 1374 1064 1412 enim
1089 1379 1132 1412 et
1154 1373 1197 1411 in
1220 1386 1300 1411 usu
1322 1371 1552 1412 hominurn

152 1439 268 1478 bono
285 1452 334 1479 ac
356 1439 487 1489 licito,
510 1440 627 1479 unde
649 1453 736 1479 non
761 1441 900 1493 possit
918 1441 1053 1480 etiam
1071 1441 1285 1494 pernicies
1302 1440 1481 1492 irrogari
1500 1444 1516 1479 ?
1533 1439 1553 1455 ’'

213 1508 300 1546 181.
338 1507 519 1548 Ceteros
553 1508 685 1560 igitur
721 1522 847 1549 casus
870 1510 1110 1561 respiciunt
1143 1508 1319 1561 regulae
1342 1522 1455 1561 quae
1487 1522 1553 1548 se-

152 1586 347 1630 quuntur
365 1593 434 1618 3-
1231 1582 1235 1585 “

214 1649 303 1687 182.
337 1646 508 1698 Regula
547 1647 758 1688 Secunda.
821 1647 885 1688 Ut
916 1648 1046 1687 liceat
1085 1648 1227 1687 facere
1261 1647 1380 1696 illud,
1407 1648 1488 1688 etsi
1510 1649 1554 1687 in

151 1727 196 1752 se
231 1714 411 1753 omnino
448 1714 628 1763 licitum,
654 1728 712 1753 ex
746 1727 834 1766 quo
863 1720 1013 1754 tamen
1048 1715 1229 1755 effectus
1258 1715 1400 1755 malus
1430 1729 1554 1755 secu-

149 1786 273 1819 turus
295 1781 612 1833 praevideatur,
638 1795 690 1820 eo
712 1781 854 1834 mcy'or
874 1783 1106 1834 requiritur
1128 1783 1251 1832 ratio,
1271 1796 1351 1835 quo
1364 1783 1554 1835 gravius

150 1855 217 1887 est
240 1848 402 1887 malum
426 1850 486 1888 sic
518 1849 1117 1903 praevisum.—-Exemplum
1140 1856 1338 1890 sumatur
1368 1850 1553 1903 alicujus

151 1929 196 1954 se
222 1915 430 1955 adversus
465 1916 678 1968 injustum
711 1930 1015 1969 aggressorem
1048 1917 1324 1958 defendentis
1359 1918 1420 1971 (a)
1451 1932 1551 1959 cum

150 1983 344 2035 periculo
376 1984 565 2023 vulneris
597 1985 757 2037 gravis,
782 1991 827 2025 at
860 1999 947 2025 non
980 1985 1167 2034 lethalis,
1199 1986 1259 2025 illi
1293 1985 1551 2039 infligendi;

150 2058 226 2090 aut
261 2050 319 2104 (b)
355 2065 453 2091 cum
488 2051 682 2104 periculo
714 2051 829 2093 illius
861 2053 1121 2094 occidendi:
1153 2053 1317 2093 etenim
1343 2052 1410 2107 (a)
1433 2055 1553 2107 prius

150 2117 257 2158 illud
295 2131 426 2170 saepe
464 2118 576 2167 licet,
614 2120 694 2159 etsi
729 2120 875 2172 agitur
908 2120 963 2159 de
995 2119 1123 2159 bonis
1154 2126 1327 2161 tantum
1357 2122 1552 2161 externis

148 2187 452 2235 defendendis,
475 2187 608 2227 etiam
642 2189 697 2228 de
728 2188 779 2228 iis
811 2201 925 2241 quae
957 2188 1137 2228 minoris
1168 2189 1297 2242 pretii
1329 2195 1460 2230 sunt:
1493 2189 1553 2230 al-

140 2261 295 2295 terum
318 2268 420 2295 vero
446 2254 517 2307 (b),
542 2256 623 2295 nisi
647 2262 806 2310 agatur
829 2256 989 2296 saltem
1013 2256 1069 2296 de
1091 2256 1142 2296 iis
1163 2256 1292 2296 bonis
1314 2256 1553 2297 defenden-

148 2325 214 2363 dis
238 2338 352 2376 quae
374 2330 477 2364 sunt
499 2326 627 2376 pretii
651 2324 843 2377 majoris,
865 2324 1064 2378 profecto
1087 2337 1176 2364 non
1198 2323 1332 2365 licet.2

194 2434 201 2453 ¹
215 2436 323 2475 Epist.
343 2436 390 2465 ad
408 2435 623 2471 Publicolam,
638 2443 687 2475 47.

148 2478 203 2551 nnss‘,
216 2479 294 2560 Χῐῖὲεὲ.
313 2479 425 2563 (ἔϊιιὲἔέἱ
436 2479 526 2510 Part.
544 2480 566 2511 i.
586 2489 618 2512 n.
646 2486 722 2519 379.
749 2478 838 2522 (5⁰);
864 2479 991 2521 Crolly‚
1012 2481 1063 2510 De
1075 2479 1223 2520 Justz'tia
1239 2484 1269 2510 et
1289 2480 1388 2520 Jure.
1407 2480 1481 2510 Vol.
1499 2478 1547 2509 iii.
