<?xml version="1.0" encoding="UTF-8"?>
<!DOCTYPE html PUBLIC "-//W3C//DTD XHTML 1.0 Transitional//EN"
    "http://www.w3.org/TR/xhtml1/DTD/xhtml1-transitional.dtd">
<html xmlns="http://www.w3.org/1999/xhtml" xml:lang="en" lang="en">
 <head>
  <title>
</title>
<meta http-equiv="Content-Type" content="text/html;charset=utf-8" />
  <meta name='ocr-system' content='tesseract 3.04.00' />
  <meta name='ocr-capabilities' content='ocr_page ocr_carea ocr_par ocr_line ocrx_word'/>
</head>
<body>
  <div class='ocr_page' id='page_1' title='image "./tractatusdeactib00wals_0226.png"; bbox 0 0 1716 2729; ppageno 0'>
   <div class='ocr_carea' id='block_1_1' title="bbox 164 109 1574 166">
    <p class='ocr_par' dir='ltr' id='par_1_1' title="bbox 164 109 1574 166">
     <span class='ocr_line' id='line_1_1' title="bbox 164 109 1574 166; baseline 0.002 -16"><span class='ocrx_word' id='word_1_1' title='bbox 164 121 189 150; x_wconf 86' lang='lat'>2</span> <span class='ocrx_word' id='word_1_2' title='bbox 201 121 251 150; x_wconf 90' lang='lat'>10</span> <span class='ocrx_word' id='word_1_3' title='bbox 754 109 794 150; x_wconf 87' lang='lat' dir='ltr'><em>T</em></span> <span class='ocrx_word' id='word_1_4' title='bbox 791 116 985 151; x_wconf 76' lang='lat' dir='ltr'>metatus</span> <span class='ocrx_word' id='word_1_5' title='bbox 1396 111 1574 166; x_wconf 81' lang='lat' dir='ltr'>[GURY,</span> 
     </span>
    </p>
   </div>
   <div class='ocr_carea' id='block_1_2' title="bbox 164 223 1596 2475">
    <p class='ocr_par' dir='ltr' id='par_1_2' title="bbox 164 223 1579 621">
     <span class='ocr_line' id='line_1_2' title="bbox 165 223 1574 280; baseline 0.001 -13"><span class='ocrx_word' id='word_1_6' title='bbox 165 230 252 276; x_wconf 66' lang='lat' dir='ltr'>zum,</span> <span class='ocrx_word' id='word_1_7' title='bbox 276 224 458 266; x_wconf 89' lang='lat' dir='ltr'>verbum</span> <span class='ocrx_word' id='word_1_8' title='bbox 482 223 568 266; x_wconf 82' lang='lat' dir='ltr'>dici</span> <span class='ocrx_word' id='word_1_9' title='bbox 589 225 782 277; x_wconf 76' lang='lat' dir='ltr'>otiosum,</span> <span class='ocrx_word' id='word_1_10' title='bbox 803 240 892 267; x_wconf 90' lang='lat' dir='ltr'>non</span> <span class='ocrx_word' id='word_1_11' title='bbox 915 227 1018 280; x_wconf 88' lang='lat' dir='ltr'>quia</span> <span class='ocrx_word' id='word_1_12' title='bbox 1050 240 1108 267; x_wconf 81' lang='lat' dir='ltr'>ex</span> <span class='ocrx_word' id='word_1_13' title='bbox 1130 241 1177 268; x_wconf 87' lang='lat' dir='ltr'>se</span> <span class='ocrx_word' id='word_1_14' title='bbox 1209 228 1265 268; x_wconf 87' lang='lat' dir='ltr'>sit</span> <span class='ocrx_word' id='word_1_15' title='bbox 1287 228 1469 278; x_wconf 85' lang='lat' dir='ltr'>malum,</span> <span class='ocrx_word' id='word_1_16' title='bbox 1494 243 1574 270; x_wconf 88' lang='lat' dir='ltr'>nec</span> 
     </span>
     <span class='ocr_line' id='line_1_3' title="bbox 164 293 1575 349; baseline 0.001 -13"><span class='ocrx_word' id='word_1_17' title='bbox 164 296 271 349; x_wconf 85' lang='lat' dir='ltr'>quia</span> <span class='ocrx_word' id='word_1_18' title='bbox 294 295 336 334; x_wconf 91' lang='lat' dir='ltr'>in</span> <span class='ocrx_word' id='word_1_19' title='bbox 359 293 491 334; x_wconf 88' lang='lat' dir='ltr'>finem</span> <span class='ocrx_word' id='word_1_20' title='bbox 516 293 682 334; x_wconf 88' lang='lat' dir='ltr'>malum</span> <span class='ocrx_word' id='word_1_21' title='bbox 705 294 930 345; x_wconf 88' lang='lat' dir='ltr'>referatur,</span> <span class='ocrx_word' id='word_1_22' title='bbox 952 295 1029 335; x_wconf 88' lang='lat' dir='ltr'>sed</span> <span class='ocrx_word' id='word_1_23' title='bbox 1053 296 1169 348; x_wconf 91' lang='lat' dir='ltr'>quia,</span> <span class='ocrx_word' id='word_1_24' title='bbox 1200 310 1337 349; x_wconf 89' lang='lat' dir='ltr'>quum</span> <span class='ocrx_word' id='word_1_25' title='bbox 1369 298 1426 337; x_wconf 91' lang='lat' dir='ltr'>sit</span> <span class='ocrx_word' id='word_1_26' title='bbox 1448 311 1506 337; x_wconf 82' lang='lat' dir='ltr'>ex</span> <span class='ocrx_word' id='word_1_27' title='bbox 1528 312 1575 338; x_wconf 83' lang='lat' dir='ltr'>se</span> 
     </span>
     <span class='ocr_line' id='line_1_4' title="bbox 168 363 1574 419; baseline 0.001 -14"><span class='ocrx_word' id='word_1_28' title='bbox 168 363 435 411; x_wconf 79' lang='lat' dir='ltr'><strong>indifferens,</strong></span> <span class='ocrx_word' id='word_1_29' title='bbox 459 376 540 403; x_wconf 79' lang='lat' dir='ltr'>non</span> <span class='ocrx_word' id='word_1_30' title='bbox 564 363 785 416; x_wconf 74' lang='lat' dir='ltr'>referatur</span> <span class='ocrx_word' id='word_1_31' title='bbox 804 363 848 403; x_wconf 66' lang='grc' dir='ltr'>ἐπ</span> <span class='ocrx_word' id='word_1_32' title='bbox 865 364 1003 417; x_wconf 78' lang='lat' dir='ltr'>finem</span> <span class='ocrx_word' id='word_1_33' title='bbox 1039 363 1291 405; x_wconf 77' lang='lat' dir='ltr'>honestum:</span> <span class='ocrx_word' id='word_1_34' title='bbox 1325 371 1459 419; x_wconf 87' lang='lat' dir='ltr'>atque</span> <span class='ocrx_word' id='word_1_35' title='bbox 1497 371 1574 418; x_wconf 81' lang='lat'>3¹¹¹¹²</span> 
     </span>
     <span class='ocr_line' id='line_1_5' title="bbox 166 428 1577 484; baseline 0.001 -13"><span class='ocrx_word' id='word_1_36' title='bbox 166 431 373 483; x_wconf 84' lang='lat' dir='ltr'>denique,</span> <span class='ocrx_word' id='word_1_37' title='bbox 395 429 508 470; x_wconf 85' lang='lat' dir='ltr'>hanc</span> <span class='ocrx_word' id='word_1_38' title='bbox 532 428 693 470; x_wconf 81' lang='lat' dir='ltr'>Christi</span> <span class='ocrx_word' id='word_1_39' title='bbox 716 430 963 470; x_wconf 83' lang='lat' dir='ltr'>doctrinam</span> <span class='ocrx_word' id='word_1_40' title='bbox 996 430 1332 484; x_wconf 83' lang='lat' dir='ltr'>intelligendam</span> <span class='ocrx_word' id='word_1_41' title='bbox 1364 445 1460 472; x_wconf 88' lang='lat' dir='ltr'>esse</span> <span class='ocrx_word' id='word_1_42' title='bbox 1488 445 1577 472; x_wconf 91' lang='lat' dir='ltr'>non</span> 
     </span>
     <span class='ocr_line' id='line_1_6' title="bbox 168 497 1579 551; baseline 0 -11"><span class='ocrx_word' id='word_1_43' title='bbox 168 499 313 540; x_wconf 86' lang='lat' dir='ltr'>solum</span> <span class='ocrx_word' id='word_1_44' title='bbox 348 499 404 538; x_wconf 92' lang='lat' dir='ltr'>de</span> <span class='ocrx_word' id='word_1_45' title='bbox 426 497 582 546; x_wconf 74' lang='lat' dir='ltr'>verbis,</span> <span class='ocrx_word' id='word_1_46' title='bbox 614 498 690 538; x_wconf 87' lang='lat' dir='ltr'>sed</span> <span class='ocrx_word' id='word_1_47' title='bbox 727 499 860 538; x_wconf 86' lang='lat' dir='ltr'>etiam</span> <span class='ocrx_word' id='word_1_48' title='bbox 896 499 952 539; x_wconf 93' lang='lat' dir='ltr'>de</span> <span class='ocrx_word' id='word_1_49' title='bbox 987 498 1182 551; x_wconf 75' lang='lat' dir='ltr'>operibus</span> <span class='ocrx_word' id='word_1_50' title='bbox 1217 513 1295 540; x_wconf 85' lang='lat' dir='ltr'>seu</span> <span class='ocrx_word' id='word_1_51' title='bbox 1331 500 1579 541; x_wconf 78' lang='lat' dir='ltr'>actionibus</span> 
     </span>
     <span class='ocr_line' id='line_1_7' title="bbox 168 568 415 621; baseline 0 -14"><span class='ocrx_word' id='word_1_52' title='bbox 168 568 415 621; x_wconf 74' lang='lat' dir='ltr'>quibusvis.</span> 
     </span>
    </p>

    <p class='ocr_par' dir='ltr' id='par_1_3' title="bbox 164 635 1588 1438">
     <span class='ocr_line' id='line_1_8' title="bbox 229 635 1578 691; baseline 0.001 -14"><span class='ocrx_word' id='word_1_53' title='bbox 229 638 326 689; x_wconf 80' lang='lat'>609.</span> <span class='ocrx_word' id='word_1_54' title='bbox 360 635 568 688; x_wconf 88' lang='lat' dir='ltr'>Jamvero</span> <span class='ocrx_word' id='word_1_55' title='bbox 606 649 663 676; x_wconf 76' lang='lat' dir='ltr'>ex</span> <span class='ocrx_word' id='word_1_56' title='bbox 701 635 768 675; x_wconf 87' lang='lat' dir='ltr'>his</span> <span class='ocrx_word' id='word_1_57' title='bbox 805 635 946 676; x_wconf 87' lang='lat' dir='ltr'>tribus</span> <span class='ocrx_word' id='word_1_58' title='bbox 986 639 1057 677; x_wconf 62' lang='lat' dir='ltr'>lum</span> <span class='ocrx_word' id='word_1_59' title='bbox 1090 643 1241 691; x_wconf 79' lang='lat' dir='ltr'>aperte</span> <span class='ocrx_word' id='word_1_60' title='bbox 1263 637 1514 678; x_wconf 78' lang='lat' dir='ltr'>declaratur</span> <span class='ocrx_word' id='word_1_61' title='bbox 1535 637 1578 678; x_wconf 90' lang='lat' dir='ltr'>in</span> 
     </span>
     <span class='ocr_line' id='line_1_9' title="bbox 170 705 1580 760; baseline 0.001 -14"><span class='ocrx_word' id='word_1_62' title='bbox 170 706 277 760; x_wconf 85' lang='lat' dir='ltr'>ipsis</span> <span class='ocrx_word' id='word_1_63' title='bbox 310 706 455 746; x_wconf 88' lang='lat' dir='ltr'>verbis</span> <span class='ocrx_word' id='word_1_64' title='bbox 488 711 640 745; x_wconf 80' lang='lat' dir='ltr'>textus</span> <span class='ocrx_word' id='word_1_65' title='bbox 659 708 752 744; x_wconf 89' lang='lat'><strong>:——“</strong></span> <span class='ocrx_word' id='word_1_66' title='bbox 775 705 981 747; x_wconf 87' lang='lat' dir='ltr'>Reddent</span> <span class='ocrx_word' id='word_1_67' title='bbox 1017 707 1236 747; x_wconf 89' lang='lat' dir='ltr'>rationem</span> <span class='ocrx_word' id='word_1_68' title='bbox 1260 708 1316 747; x_wconf 93' lang='lat' dir='ltr'>de</span> <span class='ocrx_word' id='word_1_69' title='bbox 1348 721 1400 747; x_wconf 96' lang='lat' dir='ltr'>eo</span> <span class='ocrx_word' id='word_1_70' title='bbox 1431 707 1475 746; x_wconf 91' lang='lat' dir='ltr'>in</span> <span class='ocrx_word' id='word_1_71' title='bbox 1508 707 1580 747; x_wconf 90' lang='lat' dir='ltr'>die</span> 
     </span>
     <span class='ocr_line' id='line_1_10' title="bbox 164 773 1582 829; baseline 0.002 -15"><span class='ocrx_word' id='word_1_72' title='bbox 164 773 356 827; x_wconf 89' lang='lat' dir='ltr'>judicii.”</span> <span class='ocrx_word' id='word_1_73' title='bbox 420 773 536 813; x_wconf 89' lang='lat' dir='ltr'>Illud</span> <span class='ocrx_word' id='word_1_74' title='bbox 559 774 690 823; x_wconf 80' lang='lat' dir='ltr'>enirn,</span> <span class='ocrx_word' id='word_1_75' title='bbox 712 775 830 827; x_wconf 85' lang='lat' dir='ltr'>quod</span> <span class='ocrx_word' id='word_1_76' title='bbox 869 776 998 828; x_wconf 87' lang='lat' dir='ltr'>pauci</span> <span class='ocrx_word' id='word_1_77' title='bbox 1032 776 1214 829; x_wconf 89' lang='lat' dir='ltr'>quidam</span> <span class='ocrx_word' id='word_1_78' title='bbox 1248 777 1582 817; x_wconf 80' lang='lat' dir='ltr'>contendebant</span> 
     </span>
     <span class='ocr_line' id='line_1_11' title="bbox 172 843 1583 897; baseline 0 -12"><span class='ocrx_word' id='word_1_79' title='bbox 172 843 407 890; x_wconf 80' lang='lat' dir='ltr'>Scotistae,</span> <span class='ocrx_word' id='word_1_80' title='bbox 428 843 562 883; x_wconf 87' lang='lat' dir='ltr'>verba</span> <span class='ocrx_word' id='word_1_81' title='bbox 586 843 748 884; x_wconf 77' lang='lat' dir='ltr'>Christi</span> <span class='ocrx_word' id='word_1_82' title='bbox 773 857 859 884; x_wconf 90' lang='lat' dir='ltr'>non</span> <span class='ocrx_word' id='word_1_83' title='bbox 884 858 979 884; x_wconf 85' lang='lat' dir='ltr'>esse</span> <span class='ocrx_word' id='word_1_84' title='bbox 1011 844 1303 897; x_wconf 85' lang='lat' dir='ltr'>intelligenda</span> <span class='ocrx_word' id='word_1_85' title='bbox 1334 846 1390 885; x_wconf 89' lang='lat' dir='ltr'>de</span> <span class='ocrx_word' id='word_1_86' title='bbox 1412 845 1583 885; x_wconf 87' lang='lat' dir='ltr'>ratione</span> 
     </span>
     <span class='ocr_line' id='line_1_12' title="bbox 169 912 1584 964; baseline 0.001 -11"><span class='ocrx_word' id='word_1_87' title='bbox 169 912 546 961; x_wconf 74' lang='lat' dir='ltr'>condemnationis,</span> <span class='ocrx_word' id='word_1_88' title='bbox 588 912 665 952; x_wconf 88' lang='lat' dir='ltr'>sed</span> <span class='ocrx_word' id='word_1_89' title='bbox 709 913 764 953; x_wconf 92' lang='lat' dir='ltr'>de</span> <span class='ocrx_word' id='word_1_90' title='bbox 807 913 990 963; x_wconf 89' lang='lat' dir='ltr'>ratione,</span> <span class='ocrx_word' id='word_1_91' title='bbox 1033 920 1081 954; x_wconf 90' lang='lat' dir='ltr'>ut</span> <span class='ocrx_word' id='word_1_92' title='bbox 1123 914 1257 964; x_wconf 86' lang='lat' dir='ltr'>aiunt,</span> <span class='ocrx_word' id='word_1_93' title='bbox 1293 914 1584 963; x_wconf 73' lang='lat' dir='ltr'>discussionis,</span> 
     </span>
     <span class='ocr_line' id='line_1_13' title="bbox 171 981 1579 1037; baseline 0.002 -16"><span class='ocrx_word' id='word_1_94' title='bbox 171 981 303 1035; x_wconf 89' lang='lat' dir='ltr'>plane</span> <span class='ocrx_word' id='word_1_95' title='bbox 338 981 624 1034; x_wconf 85' lang='lat' dir='ltr'>rejiciendum</span> <span class='ocrx_word' id='word_1_96' title='bbox 664 988 758 1032; x_wconf 89' lang='lat' dir='ltr'>est;</span> <span class='ocrx_word' id='word_1_97' title='bbox 790 988 885 1023; x_wconf 89' lang='lat' dir='ltr'>turn</span> <span class='ocrx_word' id='word_1_98' title='bbox 920 982 986 1036; x_wconf 79' lang='lat' dir='ltr'>(a)</span> <span class='ocrx_word' id='word_1_99' title='bbox 1024 983 1128 1036; x_wconf 90' lang='lat' dir='ltr'>quia</span> <span class='ocrx_word' id='word_1_100' title='bbox 1161 983 1298 1035; x_wconf 80' lang='lat' dir='ltr'>gratis</span> <span class='ocrx_word' id='word_1_101' title='bbox 1333 983 1579 1037; x_wconf 84' lang='lat' dir='ltr'>profertur3</span> 
     </span>
     <span class='ocr_line' id='line_1_14' title="bbox 174 1051 1584 1106; baseline -0.001 -13"><span class='ocrx_word' id='word_1_102' title='bbox 174 1060 270 1094; x_wconf 86' lang='lat' dir='ltr'>turn</span> <span class='ocrx_word' id='word_1_103' title='bbox 307 1052 365 1106; x_wconf 83' lang='lat' dir='ltr'>(b)</span> <span class='ocrx_word' id='word_1_104' title='bbox 388 1053 491 1105; x_wconf 85' lang='lat' dir='ltr'>quia</span> <span class='ocrx_word' id='word_1_105' title='bbox 523 1053 782 1092; x_wconf 81' lang='lat' dir='ltr'>adversatur</span> <span class='ocrx_word' id='word_1_106' title='bbox 814 1052 945 1092; x_wconf 90' lang='lat' dir='ltr'>obvio</span> <span class='ocrx_word' id='word_1_107' title='bbox 977 1052 1125 1093; x_wconf 90' lang='lat' dir='ltr'>sensui</span> <span class='ocrx_word' id='word_1_108' title='bbox 1147 1052 1383 1092; x_wconf 90' lang='lat' dir='ltr'>verborum</span> <span class='ocrx_word' id='word_1_109' title='bbox 1407 1051 1584 1101; x_wconf 84' lang='lat' dir='ltr'>Christi,</span> 
     </span>
     <span class='ocr_line' id='line_1_15' title="bbox 173 1120 1583 1174; baseline -0.002 -11"><span class='ocrx_word' id='word_1_110' title='bbox 173 1128 311 1174; x_wconf 81' lang='lat' dir='ltr'>atque</span> <span class='ocrx_word' id='word_1_111' title='bbox 336 1121 506 1174; x_wconf 89' lang='lat' dir='ltr'>judicio</span> <span class='ocrx_word' id='word_1_112' title='bbox 540 1120 628 1161; x_wconf 90' lang='lat' dir='ltr'>sere</span> <span class='ocrx_word' id='word_1_113' title='bbox 661 1121 861 1160; x_wconf 81' lang='lat' dir='ltr'>unanimi</span> <span class='ocrx_word' id='word_1_114' title='bbox 895 1120 1226 1173; x_wconf 83' lang='lat' dir='ltr'>Scripturarum</span> <span class='ocrx_word' id='word_1_115' title='bbox 1259 1120 1583 1172; x_wconf 86' lang='lat' dir='ltr'>interpretum;</span> 
     </span>
     <span class='ocr_line' id='line_1_16' title="bbox 174 1188 1588 1243; baseline -0.003 -12"><span class='ocrx_word' id='word_1_116' title='bbox 174 1197 271 1231; x_wconf 91' lang='lat' dir='ltr'>tum</span> <span class='ocrx_word' id='word_1_117' title='bbox 314 1190 506 1243; x_wconf 83' lang='lat' dir='ltr'>denique</span> <span class='ocrx_word' id='word_1_118' title='bbox 550 1189 605 1243; x_wconf 78' lang='lat' dir='ltr'>(c)</span> <span class='ocrx_word' id='word_1_119' title='bbox 649 1190 752 1242; x_wconf 86' lang='lat' dir='ltr'>quia</span> <span class='ocrx_word' id='word_1_120' title='bbox 804 1203 862 1229; x_wconf 77' lang='lat' dir='ltr'>ex</span> <span class='ocrx_word' id='word_1_121' title='bbox 913 1194 1131 1230; x_wconf 84' lang='lat' dir='ltr'>contextu</span> <span class='ocrx_word' id='word_1_122' title='bbox 1182 1188 1313 1242; x_wconf 88' lang='lat' dir='ltr'>plane</span> <span class='ocrx_word' id='word_1_123' title='bbox 1364 1188 1588 1237; x_wconf 87' lang='lat' dir='ltr'>refellitur,</span> 
     </span>
     <span class='ocr_line' id='line_1_17' title="bbox 177 1256 1587 1300; baseline -0.002 0"><span class='ocrx_word' id='word_1_124' title='bbox 177 1260 393 1300; x_wconf 84' lang='lat' dir='ltr'>rationem</span> <span class='ocrx_word' id='word_1_125' title='bbox 432 1259 550 1298; x_wconf 86' lang='lat' dir='ltr'>enim</span> <span class='ocrx_word' id='word_1_126' title='bbox 584 1258 813 1298; x_wconf 89' lang='lat' dir='ltr'>doctrinae</span> <span class='ocrx_word' id='word_1_127' title='bbox 846 1257 1037 1298; x_wconf 84' lang='lat' dir='ltr'>traditae</span> <span class='ocrx_word' id='word_1_128' title='bbox 1073 1257 1226 1298; x_wconf 87' lang='lat' dir='ltr'>statim</span> <span class='ocrx_word' id='word_1_129' title='bbox 1250 1256 1453 1298; x_wconf 89' lang='lat' dir='ltr'>Christus</span> <span class='ocrx_word' id='word_1_130' title='bbox 1485 1256 1587 1297; x_wconf 87' lang='lat' dir='ltr'>sub-</span> 
     </span>
     <span class='ocr_line' id='line_1_18' title="bbox 171 1323 1588 1382; baseline -0.003 -13"><span class='ocrx_word' id='word_1_131' title='bbox 171 1329 323 1382; x_wconf 80' lang='lat' dir='ltr'>jungit</span> <span class='ocrx_word' id='word_1_132' title='bbox 343 1331 433 1369; x_wconf 89' lang='lat'>:—“</span> <span class='ocrx_word' id='word_1_133' title='bbox 454 1328 527 1368; x_wconf 82' lang='lat' dir='ltr'>Ex</span> <span class='ocrx_word' id='word_1_134' title='bbox 549 1327 693 1368; x_wconf 88' lang='lat' dir='ltr'>verbis</span> <span class='ocrx_word' id='word_1_135' title='bbox 717 1327 835 1367; x_wconf 89' lang='lat' dir='ltr'>enim</span> <span class='ocrx_word' id='word_1_136' title='bbox 858 1326 944 1367; x_wconf 85' lang='lat' dir='ltr'>tuis</span> <span class='ocrx_word' id='word_1_137' title='bbox 963 1325 1289 1379; x_wconf 84' lang='lat' dir='ltr'>justificaberis,</span> <span class='ocrx_word' id='word_1_138' title='bbox 1313 1331 1356 1368; x_wconf 90' lang='lat' dir='ltr'>et</span> <span class='ocrx_word' id='word_1_139' title='bbox 1377 1339 1428 1365; x_wconf 77' lang='lat' dir='ltr'>ex</span> <span class='ocrx_word' id='word_1_140' title='bbox 1448 1323 1588 1365; x_wconf 77' lang='lat' dir='ltr'>verbis</span> 
     </span>
     <span class='ocr_line' id='line_1_19' title="bbox 177 1395 665 1438; baseline -0.006 0"><span class='ocrx_word' id='word_1_141' title='bbox 177 1399 265 1438; x_wconf 72' lang='lat' dir='ltr'>tuis</span> <span class='ocrx_word' id='word_1_142' title='bbox 285 1395 665 1437; x_wconf 73' lang='lat' dir='ltr'>condemnaberis.”</span> 
     </span>
    </p>

    <p class='ocr_par' dir='ltr' id='par_1_4' title="bbox 177 1462 1596 2475">
     <span class='ocr_line' id='line_1_20' title="bbox 235 1462 1587 1518; baseline -0.003 -11"><span class='ocrx_word' id='word_1_143' title='bbox 235 1468 332 1507; x_wconf 85' lang='lat'><em>610.</em></span> <span class='ocrx_word' id='word_1_144' title='bbox 365 1465 541 1506; x_wconf 91' lang='lat' dir='ltr'>Deinde</span> <span class='ocrx_word' id='word_1_145' title='bbox 565 1470 641 1504; x_wconf 76' lang='lat' dir='ltr'>2um</span> <span class='ocrx_word' id='word_1_146' title='bbox 673 1465 919 1518; x_wconf 86' lang='lat' dir='ltr'>suscipiunt</span> <span class='ocrx_word' id='word_1_147' title='bbox 950 1464 1196 1505; x_wconf 80' lang='lat' dir='ltr'>rationibus</span> <span class='ocrx_word' id='word_1_148' title='bbox 1230 1463 1428 1517; x_wconf 86' lang='lat' dir='ltr'>pluribus</span> <span class='ocrx_word' id='word_1_149' title='bbox 1451 1462 1587 1504; x_wconf 86' lang='lat' dir='ltr'>stabi-</span> 
     </span>
     <span class='ocr_line' id='line_1_21' title="bbox 178 1532 1589 1588; baseline -0.003 -13"><span class='ocrx_word' id='word_1_150' title='bbox 178 1535 267 1576; x_wconf 88' lang='lat' dir='ltr'>lire.</span> <span class='ocrx_word' id='word_1_151' title='bbox 342 1534 415 1575; x_wconf 76' lang='lat' dir='ltr'>Sic</span> <span class='ocrx_word' id='word_1_152' title='bbox 467 1533 532 1587; x_wconf 75' lang='lat' dir='ltr'>(a)</span> <span class='ocrx_word' id='word_1_153' title='bbox 585 1533 815 1588; x_wconf 87' lang='lat' dir='ltr'>proferunt</span> <span class='ocrx_word' id='word_1_154' title='bbox 871 1533 1121 1573; x_wconf 89' lang='lat' dir='ltr'>doctrinam</span> <span class='ocrx_word' id='word_1_155' title='bbox 1173 1532 1256 1574; x_wconf 86' lang='lat' dir='ltr'>SS.</span> <span class='ocrx_word' id='word_1_156' title='bbox 1311 1532 1491 1572; x_wconf 90' lang='lat' dir='ltr'>Patrum</span> <span class='ocrx_word' id='word_1_157' title='bbox 1521 1545 1589 1572; x_wconf 78' lang='lat'>1——</span> 
     </span>
     <span class='ocr_line' id='line_1_22' title="bbox 177 1600 1589 1654; baseline -0.004 -9"><span class='ocrx_word' id='word_1_158' title='bbox 177 1602 427 1645; x_wconf 80' lang='lat' dir='ltr'>“Otiosum</span> <span class='ocrx_word' id='word_1_159' title='bbox 449 1602 671 1651; x_wconf 89' lang='lat' dir='ltr'>verbum‚”</span> <span class='ocrx_word' id='word_1_160' title='bbox 704 1601 847 1654; x_wconf 87' lang='lat' dir='ltr'>inquit</span> <span class='ocrx_word' id='word_1_161' title='bbox 881 1600 923 1643; x_wconf 83' lang='lat' dir='ltr'>S.</span> <span class='ocrx_word' id='word_1_162' title='bbox 951 1600 1203 1653; x_wconf 83' lang='lat' dir='ltr'>Gregorius,</span> <span class='ocrx_word' id='word_1_163' title='bbox 1234 1603 1340 1641; x_wconf 90' lang='lat' dir='ltr'>“est</span> <span class='ocrx_word' id='word_1_164' title='bbox 1370 1600 1489 1653; x_wconf 89' lang='lat' dir='ltr'>quod</span> <span class='ocrx_word' id='word_1_165' title='bbox 1512 1605 1589 1640; x_wconf 90' lang='lat' dir='ltr'>aut</span> 
     </span>
     <span class='ocr_line' id='line_1_23' title="bbox 180 1667 1589 1721; baseline -0.002 -10"><span class='ocrx_word' id='word_1_166' title='bbox 180 1670 374 1712; x_wconf 89' lang='lat' dir='ltr'>utilitate</span> <span class='ocrx_word' id='word_1_167' title='bbox 426 1670 702 1710; x_wconf 81' lang='lat' dir='ltr'>rectitudinis</span> <span class='ocrx_word' id='word_1_168' title='bbox 754 1675 832 1710; x_wconf 87' lang='lat' dir='ltr'>aut</span> <span class='ocrx_word' id='word_1_169' title='bbox 882 1669 1053 1709; x_wconf 90' lang='lat' dir='ltr'>ratione</span> <span class='ocrx_word' id='word_1_170' title='bbox 1113 1667 1263 1721; x_wconf 85' lang='lat' dir='ltr'>justae</span> <span class='ocrx_word' id='word_1_171' title='bbox 1314 1667 1589 1708; x_wconf 88' lang='lat' dir='ltr'>necessitatis</span> 
     </span>
     <span class='ocr_line' id='line_1_24' title="bbox 180 1737 1590 1792; baseline -0.002 -12"><span class='ocrx_word' id='word_1_172' title='bbox 180 1739 366 1790; x_wconf 85' lang='lat' dir='ltr'>caret’&#39;;</span> <span class='ocrx_word' id='word_1_173' title='bbox 401 1753 489 1792; x_wconf 87' lang='lat' dir='ltr'>quo</span> <span class='ocrx_word' id='word_1_174' title='bbox 526 1751 656 1779; x_wconf 85' lang='lat' dir='ltr'>sensu</span> <span class='ocrx_word' id='word_1_175' title='bbox 695 1739 818 1779; x_wconf 85' lang='lat' dir='ltr'>aiunt</span> <span class='ocrx_word' id='word_1_176' title='bbox 840 1737 1104 1778; x_wconf 86' lang='lat' dir='ltr'>Thomistae</span> <span class='ocrx_word' id='word_1_177' title='bbox 1143 1737 1296 1778; x_wconf 84' lang='lat' dir='ltr'>Patres</span> <span class='ocrx_word' id='word_1_178' title='bbox 1318 1751 1474 1778; x_wconf 88' lang='lat' dir='ltr'>omnes</span> <span class='ocrx_word' id='word_1_179' title='bbox 1501 1737 1590 1777; x_wconf 87' lang='lat' dir='ltr'>fere</span> 
     </span>
     <span class='ocr_line' id='line_1_25' title="bbox 182 1806 1591 1861; baseline -0.001 -13"><span class='ocrx_word' id='word_1_180' title='bbox 182 1808 375 1861; x_wconf 85' lang='lat' dir='ltr'>reliquos</span> <span class='ocrx_word' id='word_1_181' title='bbox 438 1807 578 1847; x_wconf 85' lang='lat' dir='ltr'>solere</span> <span class='ocrx_word' id='word_1_182' title='bbox 642 1807 834 1847; x_wconf 87' lang='lat' dir='ltr'>otiosum</span> <span class='ocrx_word' id='word_1_183' title='bbox 896 1806 1080 1846; x_wconf 89' lang='lat' dir='ltr'>verbum</span> <span class='ocrx_word' id='word_1_184' title='bbox 1144 1806 1338 1847; x_wconf 89' lang='lat' dir='ltr'>definire.</span> <span class='ocrx_word' id='word_1_185' title='bbox 1414 1806 1591 1846; x_wconf 89' lang='lat' dir='ltr'>Deinde</span> 
     </span>
     <span class='ocr_line' id='line_1_26' title="bbox 185 1874 1593 1929; baseline -0.001 -13"><span class='ocrx_word' id='word_1_186' title='bbox 185 1877 246 1929; x_wconf 84' lang='lat' dir='ltr'>(b)</span> <span class='ocrx_word' id='word_1_187' title='bbox 300 1877 549 1917; x_wconf 85' lang='lat' dir='ltr'>innituntur</span> <span class='ocrx_word' id='word_1_188' title='bbox 613 1876 839 1917; x_wconf 87' lang='lat' dir='ltr'>communi</span> <span class='ocrx_word' id='word_1_189' title='bbox 902 1875 1197 1928; x_wconf 89' lang='lat' dir='ltr'>acceptationi</span> <span class='ocrx_word' id='word_1_190' title='bbox 1263 1874 1395 1928; x_wconf 87' lang='lat' dir='ltr'>hujus</span> <span class='ocrx_word' id='word_1_191' title='bbox 1460 1874 1593 1924; x_wconf 82' lang='lat' dir='ltr'>vocis,</span> 
     </span>
     <span class='ocr_line' id='line_1_27' title="bbox 183 1942 1592 1995; baseline -0.003 -9"><span class='ocrx_word' id='word_1_192' title='bbox 183 1945 352 1986; x_wconf 86' lang='lat' dir='ltr'>“otiosi</span> <span class='ocrx_word' id='word_1_193' title='bbox 375 1943 407 1995; x_wconf 88' lang='lat'>;&#39;&#39;</span> <span class='ocrx_word' id='word_1_194' title='bbox 438 1944 615 1992; x_wconf 88' lang='lat' dir='ltr'>etenim,</span> <span class='ocrx_word' id='word_1_195' title='bbox 640 1950 688 1984; x_wconf 92' lang='lat' dir='ltr'>ut</span> <span class='ocrx_word' id='word_1_196' title='bbox 724 1944 786 1984; x_wconf 91' lang='lat' dir='ltr'>ait</span> <span class='ocrx_word' id='word_1_197' title='bbox 824 1942 1055 1984; x_wconf 87' lang='lat' dir='ltr'>Billuart:1</span> <span class='ocrx_word' id='word_1_198' title='bbox 1087 1942 1199 1983; x_wconf 91' lang='lat' dir='ltr'>“ille</span> <span class='ocrx_word' id='word_1_199' title='bbox 1230 1943 1392 1984; x_wconf 89' lang='lat' dir='ltr'>dicitur</span> <span class='ocrx_word' id='word_1_200' title='bbox 1412 1943 1592 1992; x_wconf 88' lang='lat' dir='ltr'>otiosus,</span> 
     </span>
     <span class='ocr_line' id='line_1_28' title="bbox 185 2010 1590 2066; baseline -0.002 -12"><span class='ocrx_word' id='word_1_201' title='bbox 185 2027 274 2054; x_wconf 92' lang='lat' dir='ltr'>non</span> <span class='ocrx_word' id='word_1_202' title='bbox 312 2013 387 2066; x_wconf 88' lang='lat' dir='ltr'>qui</span> <span class='ocrx_word' id='word_1_203' title='bbox 425 2012 529 2053; x_wconf 87' lang='lat' dir='ltr'>facit</span> <span class='ocrx_word' id='word_1_204' title='bbox 565 2012 733 2066; x_wconf 86' lang='lat' dir='ltr'>aliquid</span> <span class='ocrx_word' id='word_1_205' title='bbox 770 2012 873 2052; x_wconf 91' lang='lat' dir='ltr'>rnali</span> <span class='ocrx_word' id='word_1_206' title='bbox 909 2010 986 2062; x_wconf 85' lang='lat' dir='ltr'>(sic</span> <span class='ocrx_word' id='word_1_207' title='bbox 1024 2011 1093 2052; x_wconf 91' lang='lat' dir='ltr'>fur</span> <span class='ocrx_word' id='word_1_208' title='bbox 1132 2017 1209 2052; x_wconf 87' lang='lat' dir='ltr'>aut</span> <span class='ocrx_word' id='word_1_209' title='bbox 1242 2011 1466 2053; x_wconf 88' lang='lat' dir='ltr'>homicida</span> <span class='ocrx_word' id='word_1_210' title='bbox 1502 2025 1590 2051; x_wconf 90' lang='lat' dir='ltr'>non</span> 
     </span>
     <span class='ocr_line' id='line_1_29' title="bbox 184 2080 1592 2134; baseline -0.001 -12"><span class='ocrx_word' id='word_1_211' title='bbox 184 2082 346 2123; x_wconf 90' lang='lat' dir='ltr'>dicitur</span> <span class='ocrx_word' id='word_1_212' title='bbox 366 2081 581 2132; x_wconf 88' lang='lat' dir='ltr'>otiosus):</span> <span class='ocrx_word' id='word_1_213' title='bbox 614 2095 758 2134; x_wconf 87' lang='lat' dir='ltr'>neque</span> <span class='ocrx_word' id='word_1_214' title='bbox 795 2081 869 2134; x_wconf 90' lang='lat' dir='ltr'>qui</span> <span class='ocrx_word' id='word_1_215' title='bbox 906 2080 1016 2120; x_wconf 87' lang='lat' dir='ltr'>nihil</span> <span class='ocrx_word' id='word_1_216' title='bbox 1038 2080 1220 2121; x_wconf 91' lang='lat' dir='ltr'>omnino</span> <span class='ocrx_word' id='word_1_217' title='bbox 1258 2080 1386 2122; x_wconf 87' lang='lat' dir='ltr'>facit:</span> <span class='ocrx_word' id='word_1_218' title='bbox 1417 2081 1495 2121; x_wconf 92' lang='lat' dir='ltr'>sed</span> <span class='ocrx_word' id='word_1_219' title='bbox 1517 2080 1592 2133; x_wconf 88' lang='lat' dir='ltr'>qui</span> 
     </span>
     <span class='ocr_line' id='line_1_30' title="bbox 185 2149 1593 2203; baseline -0.001 -13"><span class='ocrx_word' id='word_1_220' title='bbox 185 2164 274 2191; x_wconf 90' lang='lat' dir='ltr'>non</span> <span class='ocrx_word' id='word_1_221' title='bbox 298 2150 402 2191; x_wconf 85' lang='lat' dir='ltr'>facit</span> <span class='ocrx_word' id='word_1_222' title='bbox 424 2150 543 2203; x_wconf 87' lang='lat' dir='ltr'>quod</span> <span class='ocrx_word' id='word_1_223' title='bbox 577 2150 711 2190; x_wconf 89' lang='lat' dir='ltr'>debet</span> <span class='ocrx_word' id='word_1_224' title='bbox 743 2149 886 2190; x_wconf 90' lang='lat' dir='ltr'>facere</span> <span class='ocrx_word' id='word_1_225' title='bbox 917 2155 961 2189; x_wconf 91' lang='lat' dir='ltr'>et</span> <span class='ocrx_word' id='word_1_226' title='bbox 992 2150 1113 2202; x_wconf 89' lang='lat' dir='ltr'>quod</span> <span class='ocrx_word' id='word_1_227' title='bbox 1146 2150 1355 2191; x_wconf 84' lang='lat' dir='ltr'>conducit</span> <span class='ocrx_word' id='word_1_228' title='bbox 1377 2150 1432 2190; x_wconf 90' lang='lat' dir='ltr'>ad</span> <span class='ocrx_word' id='word_1_229' title='bbox 1465 2162 1593 2189; x_wconf 84' lang='lat' dir='ltr'>suum</span> 
     </span>
     <span class='ocr_line' id='line_1_31' title="bbox 187 2217 1594 2270; baseline -0.002 -11"><span class='ocrx_word' id='word_1_230' title='bbox 187 2219 387 2259; x_wconf 89' lang='lat' dir='ltr'>debitum</span> <span class='ocrx_word' id='word_1_231' title='bbox 421 2217 564 2258; x_wconf 88' lang='lat' dir='ltr'>finem.</span> <span class='ocrx_word' id='word_1_232' title='bbox 629 2218 702 2259; x_wconf 82' lang='lat' dir='ltr'>Sic</span> <span class='ocrx_word' id='word_1_233' title='bbox 735 2218 867 2258; x_wconf 88' lang='lat' dir='ltr'>Matt.</span> <span class='ocrx_word' id='word_1_234' title='bbox 890 2231 968 2258; x_wconf 78' lang='lat' dir='ltr'>xx.</span> <span class='ocrx_word' id='word_1_235' title='bbox 991 2217 1179 2270; x_wconf 87' lang='lat' dir='ltr'>operarii</span> <span class='ocrx_word' id='word_1_236' title='bbox 1211 2218 1418 2259; x_wconf 90' lang='lat' dir='ltr'>dicuntur</span> <span class='ocrx_word' id='word_1_237' title='bbox 1448 2217 1594 2267; x_wconf 86' lang='lat' dir='ltr'>otiosi,</span> 
     </span>
     <span class='ocr_line' id='line_1_32' title="bbox 187 2285 1596 2340; baseline 0 -14"><span class='ocrx_word' id='word_1_238' title='bbox 187 2301 273 2327; x_wconf 89' lang='lat' dir='ltr'>non</span> <span class='ocrx_word' id='word_1_239' title='bbox 299 2286 418 2340; x_wconf 88' lang='lat' dir='ltr'>quod</span> <span class='ocrx_word' id='word_1_240' title='bbox 442 2287 550 2327; x_wconf 85' lang='lat' dir='ltr'>nihil</span> <span class='ocrx_word' id='word_1_241' title='bbox 565 2287 747 2327; x_wconf 87' lang='lat' dir='ltr'>omnino</span> <span class='ocrx_word' id='word_1_242' title='bbox 762 2291 944 2339; x_wconf 83' lang='lat' dir='ltr'>agerent</span> <span class='ocrx_word' id='word_1_243' title='bbox 963 2285 1093 2338; x_wconf 87' lang='lat' dir='ltr'>(forte</span> <span class='ocrx_word' id='word_1_244' title='bbox 1115 2286 1231 2326; x_wconf 89' lang='lat' dir='ltr'>enim</span> <span class='ocrx_word' id='word_1_245' title='bbox 1254 2285 1596 2327; x_wconf 87' lang='lat' dir='ltr'>confabulantur</span> 
     </span>
     <span class='ocr_line' id='line_1_33' title="bbox 187 2353 1596 2408; baseline -0.002 -12"><span class='ocrx_word' id='word_1_246' title='bbox 187 2362 264 2396; x_wconf 85' lang='lat' dir='ltr'>aut</span> <span class='ocrx_word' id='word_1_247' title='bbox 286 2355 607 2405; x_wconf 84' lang='lat' dir='ltr'>ambulabant),</span> <span class='ocrx_word' id='word_1_248' title='bbox 630 2356 707 2395; x_wconf 86' lang='lat' dir='ltr'>sed</span> <span class='ocrx_word' id='word_1_249' title='bbox 731 2355 835 2408; x_wconf 87' lang='lat' dir='ltr'>quia</span> <span class='ocrx_word' id='word_1_250' title='bbox 867 2354 999 2394; x_wconf 85' lang='lat' dir='ltr'>finem</span> <span class='ocrx_word' id='word_1_251' title='bbox 1029 2368 1160 2395; x_wconf 79' lang='lat' dir='ltr'>suum</span> <span class='ocrx_word' id='word_1_252' title='bbox 1194 2368 1282 2395; x_wconf 92' lang='lat' dir='ltr'>non</span> <span class='ocrx_word' id='word_1_253' title='bbox 1314 2353 1596 2402; x_wconf 85' lang='lat' dir='ltr'>exercebant,</span> 
     </span>
     <span class='ocr_line' id='line_1_34' title="bbox 188 2422 1596 2475; baseline -0.002 -11"><span class='ocrx_word' id='word_1_254' title='bbox 188 2424 276 2465; x_wconf 86' lang='lat' dir='ltr'>scil.</span> <span class='ocrx_word' id='word_1_255' title='bbox 321 2424 525 2465; x_wconf 78' lang='lat' dir='ltr'>excolere</span> <span class='ocrx_word' id='word_1_256' title='bbox 562 2424 749 2464; x_wconf 83' lang='lat' dir='ltr'>vineam.</span> <span class='ocrx_word' id='word_1_257' title='bbox 811 2422 885 2462; x_wconf 79' lang='lat' dir='ltr'>Sic</span> <span class='ocrx_word' id='word_1_258' title='bbox 922 2422 1122 2475; x_wconf 87' lang='lat' dir='ltr'>quotidie</span> <span class='ocrx_word' id='word_1_259' title='bbox 1163 2423 1352 2463; x_wconf 86' lang='lat' dir='ltr'>dicimus</span> <span class='ocrx_word' id='word_1_260' title='bbox 1393 2422 1596 2462; x_wconf 84' lang='lat' dir='ltr'>homines</span> 
     </span>
    </p>
   </div>
   <div class='ocr_carea' id='block_1_3' title="bbox 538 2579 1248 2620">
    <p class='ocr_par' dir='ltr' id='par_1_5' title="bbox 538 2579 1248 2620">
     <span class='ocr_line' id='line_1_35' title="bbox 538 2579 1248 2620; baseline -0.003 -6"><span class='ocrx_word' id='word_1_261' title='bbox 538 2582 547 2601; x_wconf 77' lang='lat'><strong>¹</strong></span> <span class='ocrx_word' id='word_1_262' title='bbox 568 2583 624 2614; x_wconf 79' lang='lat' dir='ltr'>Tr.</span> <span class='ocrx_word' id='word_1_263' title='bbox 641 2583 678 2613; x_wconf 78' lang='lat' dir='ltr'>de</span> <span class='ocrx_word' id='word_1_264' title='bbox 692 2584 766 2613; x_wconf 71' lang='lat' dir='ltr'>Act.</span> <span class='ocrx_word' id='word_1_265' title='bbox 779 2582 960 2617; x_wconf 70' lang='lat' dir='ltr'>szmam&#39;s,</span> <span class='ocrx_word' id='word_1_266' title='bbox 978 2579 1068 2612; x_wconf 67' lang='lat' dir='ltr'>D-iss.</span> <span class='ocrx_word' id='word_1_267' title='bbox 1087 2590 1118 2620; x_wconf 91' lang='lat'>4.</span> <span class='ocrx_word' id='word_1_268' title='bbox 1137 2585 1198 2612; x_wconf 85' lang='lat' dir='ltr'>art.</span> <span class='ocrx_word' id='word_1_269' title='bbox 1217 2580 1248 2612; x_wconf 88' lang='lat'>6.</span> 
     </span>
    </p>
   </div>
  </div>
 </body>
</html>
