1716 2729
198 122 213 151 1
222 119 279 162 74
794 108 952 149 Tracta
957 113 1026 147 tus
1440 106 1617 157 [GURY,

188 226 355 276 darius,
392 232 524 279 prout
557 239 694 279 agens
730 223 794 277 (a)
832 223 1067 277 praecipue
1103 222 1162 262 ob
1194 221 1318 262 illum
1355 221 1488 264 finem
1510 224 1615 277 agit,

195 295 265 337 vel
300 295 362 336 ita
397 301 571 336 tantum
615 294 675 347 (b)
716 299 765 334 ut
798 292 941 346 magis
975 297 1206 332 moveatur
1236 291 1482 332 intentione
1517 292 1617 333 finis

194 364 319 406 alius.
383 363 456 405 Sic
477 377 557 417 vg.
596 362 689 403 fieri
711 367 861 416 potest
883 367 931 401 ut
967 361 1173 401 sacerdos
1200 359 1385 399 Missam
1422 361 1616 402 celebret

195 434 404 488 primario
436 433 493 473 ad
525 431 695 472 cultum
730 431 828 471 Deo
867 429 1157 478 reddendum,
1180 434 1224 468 et
1258 429 1523 470 secundario
1557 430 1614 470 ad

194 502 468 555 stipendium
500 500 764 541 lucrandum
786 513 795 550 ;
824 505 902 539 aut
923 498 1018 538 vice
1039 496 1337 538 versa.—Nec
1360 498 1613 551 quidquam

194 572 345 612 obstat
367 569 605 624 quominus
630 568 745 623 finis
773 567 1030 620 hujusmodi
1066 566 1350 607 secundarius
1385 567 1442 606 sit
1479 581 1614 608 causa

195 637 369 691 agendi,
391 651 444 678 eo
475 649 607 677 sensu
644 635 765 689 quod
789 635 850 675 ita
872 639 1082 687 agentem
1121 639 1299 674 moveat
1338 639 1386 674 ut
1420 633 1508 674 fine
1540 633 1616 674 illo

194 706 430 748 deficiente
452 719 541 746 non
564 704 740 745 fecisset
762 717 875 757 opus
897 703 953 743 de
975 716 1064 755 quo
1086 708 1268 755 agatur:
1303 717 1369 744 res
1404 703 1613 746 illustrari

195 783 347 831 potest
370 789 428 816 ex
452 773 664 828 exemplo
682 773 777 827 jam
801 772 949 815 allato.

254 921 351 971 482.
385 916 935 974 Principium.—Actus
970 916 1188 956 lzuvzanus
1216 916 1506 957 moralitatem
1542 917 1611 957 de-

197 988 337 1030 sumit
354 987 518 1041 exfine.

256 1059 353 1110 483.
390 1057 569 1097 Etenim
593 1070 650 1096 ex
673 1055 771 1105 fine,
802 1055 917 1095 sicut
946 1067 1005 1094 ex
1033 1052 1211 1106 objecto
1233 1060 1309 1095 aut
1336 1068 1395 1095 ex
1426 1055 1613 1096 circum—

198 1126 387 1175 stantiis,
410 1131 559 1179 potest
582 1130 706 1165 actus
729 1137 825 1165 esse
857 1122 1095 1164 conformis
1119 1128 1195 1162 aut
1217 1122 1433 1163 difformis
1456 1123 1618 1177 regulis

199 1210 387 1237 morum.
467 1194 541 1237 Sic
561 1207 646 1246 v.g.
672 1192 759 1245 legi
793 1191 971 1232 divinae
1006 1191 1234 1231 conforme
1256 1197 1323 1232 est
1352 1206 1440 1233 non
1473 1192 1618 1234 solum

198 1265 305 1305 dare
346 1264 696 1314 eleemosynam,
745 1261 821 1301 sed
864 1260 1001 1301 etiam
1044 1260 1151 1301 dare
1189 1261 1233 1300 in
1266 1261 1617 1303 satisfactionem

194 1340 512 1389 peccatorum3
555 1337 689 1384 atque
722 1329 928 1370 difforme
961 1335 1028 1370 est
1060 1343 1147 1370 non
1183 1329 1327 1370 solum
1363 1330 1507 1381 furari,
1539 1332 1617 1373 sed

194 1404 330 1444 etiam
353 1402 486 1443 furari
509 1401 566 1441 ad
589 1413 635 1440 se
658 1396 1003 1440 inebriandum.1

251 1474 350 1524 484.
385 1470 520 1524 Quod
543 1468 810 1522 principium
845 1473 893 1508 ut
925 1467 1165 1518 evolvatur,
1188 1468 1491 1520 distinguendi
1514 1476 1618 1511 sunt

189 1555 319 1582 casus
342 1540 416 1593 qui
439 1537 612 1590 concipi
636 1543 836 1589 possunt,
860 1542 992 1589 prout
1014 1541 1138 1577 actus
1172 1551 1230 1577 ex
1253 1536 1432 1590 objecto
1455 1544 1499 1579 et
1532 1539 1611 1580 cir-

192 1608 473 1652 cumstantiis
496 1614 563 1647 est
591 1610 630 1646 1⁰
652 1604 921 1655 indifferens,
946 1609 990 1645 2⁰
1023 1605 1179 1654 bonus,
1205 1610 1248 1658 30
1270 1606 1413 1647 malus
1435 1620 1443 1656 ;
1479 1613 1616 1661 atque

194 1683 328 1731 prout
368 1677 412 1716 in
454 1674 641 1727 singulis
686 1673 754 1714 his
801 1673 976 1714 casibus
1013 1673 1238 1726 perficitur
1278 1675 1336 1716 ob
1369 1675 1504 1716 finem
1549 1676 1616 1730 (a)

193 1748 376 1795 bonum,
405 1744 462 1798 (b)
498 1744 679 1794 malum,
715 1742 774 1798 (c)
813 1742 1173 1784 indifferentem.2
1253 1744 1415 1799 Itaque
1452 1758 1614 1786 novem

195 1814 457 1868 inspiciendi
499 1818 602 1854 sunt
642 1825 783 1861 casuS,
825 1825 937 1864 quos
979 1812 1221 1866 respiciunt
1267 1813 1471 1867 quaesita
1501 1827 1617 1867 quae

194 1888 459 1937 sequuntur.

255 2029 354 2078 485.
390 2023 928 2087 Quaesita.—QUAER.
954 2029 1004 2066 10.
1041 2025 1257 2076 Quomodo
1272 2040 1323 2066 ex
1324 2027 1422 2081 fine
1430 2028 1619 2080 pendeat

197 2095 426 2137 moralitas
446 2100 567 2135 actus
590 2108 641 2134 ex
660 2093 811 2147 objecto
831 2100 873 2135 et
889 2094 1230 2135 cz‘rcumstantzzk
1261 2095 1553 2138 indifferentis
1567 2101 1585 2138 ?

254 2165 353 2216 486.
389 2164 529 2204 RESP.
583 2162 914 2216 Distinguendo
966 2169 1054 2204 tres
1105 2177 1245 2214 casus,
1301 2171 1434 2217 prout
1489 2171 1614 2206 actus

198 2232 426 2287 perficitur
446 2233 504 2274 ob
541 2231 674 2273 finem
697 2231 759 2284 (a)
784 2231 967 2282 bonum,
992 2231 1054 2285 (b)
1079 2231 1258 2282 malum,
1283 2238 1361 2274 aut
1395 2233 1447 2287 (c)
1482 2233 1613 2275 indif-

199 2303 426 2344 ferentem.

256 2453 265 2471 ¹
283 2452 363 2502 Vid.
382 2451 534 2487 Billuart,
556 2451 613 2482 Tr.
636 2450 673 2481 de
702 2450 776 2481 Act.
803 2450 987 2486 Humanis,
1012 2450 1102 2482 Diss.
1128 2459 1161 2491 4.
1187 2453 1250 2483 art.
1276 2452 1323 2484 iii.
1350 2462 1418 2484 sec.
1436 2460 1476 2493 3;
1505 2452 1610 2494 Gury,

203 2495 688 2571 Ρὸῧῐὲἷιίἓῐὲήῗῐῖᾎῦεϊταὴίῐωιε
708 2547 727 2568 a
743 2537 972 2569 controversia
982 2537 1024 2569 de
1036 2536 1100 2569 fine
1117 2537 1335 2577 indifferente,
1349 2538 1448 2577 infra,
1465 2550 1522 2571 nn.
1533 2538 1609 2580 588.

202 2586 236 2615 et
253 2593 324 2625 seq.
343 2582 551 2624 exponenda.
