1716 2729
108 115 144 142 n.
167 99 224 153 9.]
571 93 622 133 de
640 92 819 133 Actibus
841 91 1073 131 Humanis.
1443 97 1462 138 5
1472 97 1493 137 3

104 213 322 268 prohiberi
341 209 587 265 procuratio
609 209 787 248 abortus
810 220 817 255 3
839 207 943 259 quia
965 206 999 244 si
1022 205 1065 244 id
1083 204 1320 257 aliquando
1337 203 1498 251 liceret,

106 281 345 335 periculum
381 283 494 319 esset
535 276 652 329 quod
694 274 894 314 homines
935 272 1273 313 delectationem
1316 270 1499 323 copulae

107 354 364 403 quaererent
397 360 448 385 eo
482 345 629 384 animo
663 348 706 382 et
739 342 898 382 fiducia
932 341 1049 393 quod
1087 345 1252 392 postea,
1275 352 1332 377 ex
1371 351 1501 378 causa

108 416 449 470 superveniente,
474 413 652 452 abortus
680 415 829 463 posset
860 408 1081 462 procurari
1113 413 1160 446 ut
1183 412 1334 459 partus
1367 406 1501 458 impe-

108 488 300 533 diretur3
334 489 377 522 et
414 494 574 533 magna
616 479 787 518 occasio
839 478 1018 517 daretur
1059 475 1424 515 fornicationibus
1459 480 1503 514 et

111 554 284 606 stupris,
309 565 333 591 a
354 550 512 603 quibus
544 548 758 588 absterret
789 546 920 586 timor
951 544 1085 597 prolis
1118 550 1161 583 et
1183 549 1334 596 partus
1358 542 1504 587 futuri,

112 623 184 675 qui
206 622 336 661 timor
366 631 528 671 magna
565 630 622 656 ex
659 620 783 668 parte
816 619 1006 654 cessaret
1039 612 1074 652 si
1111 617 1267 665 postea
1302 624 1352 650 ex
1380 623 1506 649 causa

112 691 258 743 aliqua
295 688 444 727 liceret
486 685 688 725 abortum
732 694 991 735 procurare:
1034 679 1262 719 fatendum
1300 692 1404 731 ergo
1442 684 1507 717 est

114 765 355 799 naturam.
405 787 412 796 .
464 753 605 792 foetus
654 749 1080 791 administrationem
1125 746 1205 787 sibi
1256 758 1508 792 reservasse,

115 831 275 879 negata
310 821 565 876 parentibus
601 818 810 860 facultate
847 816 1110 870 disponendi
1146 816 1200 854 de
1238 827 1302 863 eo,
1325 813 1406 853 nisi
1448 813 1504 853 ad

116 894 247 934 finem
281 891 335 931 ab
372 892 466 942 ipsa
505 893 660 927 natura
695 887 941 926 intentum·
983 884 1086 936 quia
1124 882 1267 923 omnis
1301 881 1512 921 adminis-

933 918 942 935 2

116 962 247 1003 tratio
279 959 385 999 alias
419 957 523 1010 ipsis
565 968 772 996 concessa
812 953 938 993 facile
976 957 1125 1003 posset
1160 949 1514 990 inconvenientia

121 1027 307 1071 afferre.”

184 1110 274 1150 139.
310 1095 377 1135 Eo
400 1094 530 1147 igitur
553 1105 682 1132 sensu
706 1089 992 1142 intelligenda
1015 1093 1082 1127 est
1105 1086 1301 1126 conditio
1326 1086 1382 1136 (n.
1409 1085 1512 1133 128.)

120 1166 312 1214 secunda,
336 1175 505 1214 nempe,
526 1160 747 1201 actionem
780 1156 999 1210 ejusmodi
1030 1169 1125 1195 esse
1157 1154 1328 1203 debere,
1351 1158 1399 1193 ut
1420 1165 1518 1205 per—

124 1234 271 1290 pensis
301 1238 396 1272 tum
428 1226 673 1270 commodis
710 1232 803 1266 tum
843 1223 1137 1264 incommodis
1170 1222 1344 1261 orituris
1377 1234 1434 1260 ex
1467 1233 1519 1259 ea

127 1299 424 1357 permittenda
474 1302 549 1336 aut
599 1294 885 1348 prohibenda,
929 1292 1070 1344 magis
1137 1290 1350 1343 expediat
1401 1289 1518 1328 bono

128 1369 307 1411 humani
330 1365 499 1420 generis
532 1377 628 1404 eam
652 1376 677 1402 a
700 1363 797 1402 Deo
820 1362 1013 1415 permitti
1036 1374 1168 1413 quam
1192 1358 1422 1412 prohiberi.

192 1448 282 1488 140.
316 1435 388 1474 Ex
406 1432 534 1473 dictis
551 1436 723 1471 constat
746 1430 926 1470 omnino
946 1428 1105 1482 requiri
1120 1428 1229 1467 duas
1246 1425 1522 1466 conditiones

130 1507 341 1546 hactenus
373 1500 614 1551 expositas,
676 1498 751 1538 An
785 1512 887 1538 vero
924 1498 1040 1538 idem
1075 1496 1341 1536 censendum
1379 1494 1434 1533 sit
1467 1493 1523 1533 de

131 1574 225 1614 aliis
248 1571 418 1611 duabus
441 1566 766 1608 conditionibus
790 1580 830 1607 n.
860 1577 949 1605 122.
975 1563 1211 1612 recensitis,
1235 1568 1299 1602 est
1323 1561 1524 1614 quaestio

134 1655 247 1682 nunc
270 1636 591 1692 perpendenda.

198 1718 286 1758 141.
320 1706 488 1758 Itaque,
512 1710 559 1744 ut
590 1717 720 1756 supra
752 1704 919 1744 dictum
952 1707 1030 1751 est,
1052 1700 1157 1750 TT.,
1179 1713 1315 1752 quum
1346 1697 1527 1738 tradunt

136 1775 398 1829 principium
433 1773 488 1813 de
524 1785 612 1825 quo
647 1772 717 1813 hic
753 1771 908 1824 agitur,
932 1770 1075 1810 solent
1113 1768 1235 1808 fertio
1266 1767 1444 1819 exigere
1479 1771 1528 1805 ut

138 1843 318 1884 effectus
359 1841 460 1890 duo,
492 1841 548 1881 de
588 1840 745 1893 quibus
795 1839 949 1892 agitur,
987 1850 1126 1890 aeque
1176 1835 1430 1875 immediate
1471 1846 1529 1873 ex

138 1925 269 1951 causa
290 1908 521 1964 profluant,
545 1914 620 1948 aut
656 1907 807 1947 saltem
845 1920 932 1946 non
967 1906 1028 1945 ita
1066 1903 1284 1958 profluant
1321 1909 1367 1943 ut
1389 1902 1530 1942 bonus

142 1980 321 2021 effectus
342 1980 594 2020 obtineatur
616 1978 839 2018 mediante
860 1975 1017 2015 effectu
1041 1971 1187 2017 malo,1

207 2059 296 2099 142.
329 2047 461 2101 Quod
493 2046 672 2100 quidem
705 2045 863 2098 requiri
895 2044 1197 2083 demonstrare
1229 2041 1372 2081 solent
1400 2053 1457 2079 ex
1480 2052 1532 2078 eo

144 2117 259 2171 quod
300 2117 372 2155 “si
415 2128 545 2155 causa
586 2115 749 2155 directe
790 2119 833 2153 et
880 2111 1134 2151 immediate
1175 2109 1309 2150 habet
1350 2119 1532 2160 pravum

145 2183 362 2231 effectum,
385 2189 429 2224 et
465 2183 636 2223 nonnisi
671 2181 894 2222 mediante
926 2179 1001 2219 illo
1036 2192 1171 2231 pravo
1205 2176 1362 2217 effectu
1394 2175 1534 2215 bonus

146 2254 326 2295 effectus
347 2253 557 2305 provenit,
579 2258 683 2292 tunc
704 2250 869 2290 bonum
903 2262 960 2288 ex
986 2247 1103 2287 malo
1125 2246 1371 2299 quaeritur:
1406 2254 1536 2295 porro

148 2334 371 2375 nunquam
409 2320 473 2361 fas
502 2326 568 2360 est
609 2319 787 2367 malum,
811 2316 1092 2370 quantumvis
1129 2315 1235 2362 leve,
1272 2318 1445 2365 patrare
1481 2309 1536 2349 ad

145 2393 310 2433 bonum
344 2388 636 2441 quodcunque
670 2385 1020 2439 procurandu1n;
1074 2395 1175 2422 nam
1204 2380 1336 2433 juxta
1368 2375 1538 2430 pervul-

205 2516 213 2533 ‘
231 2516 309 2548 Vid.
328 2525 391 2555 v.g.
412 2513 562 2548 Binum,
584 2514 641 2544 Tr.
657 2513 692 2543 de
724 2512 820 2553 Jure
840 2515 868 2541 et
889 2510 1051 2551 Justz'tz'a‚
1069 2508 1159 2539 Diss.
1180 2519 1210 2538 x.
1229 2509 1290 2537 art.
1308 2512 1337 2546 5.
1356 2504 1417 2536 sub
1435 2503 1494 2535 fin.
1511 2503 1540 2540 ἓ.

153 2569 167 2591 1
185 2572 193 2597 3
211 2559 311 2600 Gury,
329 2559 415 2590 Part.
435 2557 457 2587 i.
476 2567 509 2587 n.
528 2565 566 2596 93
580 2556 740 2591 Carriere,
762 2556 809 2586 De
823 2554 980 2595 Justt'tz'a,
1002 2554 1089 2583 Part.
1105 2552 1152 2582 iii.
1173 2562 1204 2582 n.
1230 2556 1322 2588 1197.
