1716 2729
156 122 180 152 2
188 123 208 164 3
216 123 239 152 2
747 112 789 154 T
786 119 977 154 metatus
1388 112 1444 167 [G
1451 123 1482 155 U
1491 123 1568 165 RV,

154 228 388 279 bonorum,
440 229 518 270 sed
572 229 627 269 de
679 229 833 269 morali
885 229 1086 270 bonitate
1137 236 1317 271 actuum
1370 229 1567 283 alioquin

153 296 517 340 indifferentium.

210 366 307 418 673.
341 366 657 407 Praetermisso
693 366 828 419 igitur
858 372 987 407 textu
1027 378 1040 406 1
1071 366 1168 408 Cor.
1194 382 1239 408 x.
1268 378 1332 419 31,
1355 366 1569 409 solvenda

153 442 220 477 est
256 438 554 478 controversia
588 437 697 477 haec
730 436 1042 490 theologorum
1067 451 1124 477 ex
1162 438 1258 477 aliis
1293 438 1567 490 argumentis

151 518 285 559 supra
323 506 414 558 (nn.
457 504 663 557 606-613.
706 511 750 545 et
792 518 866 546 nn.
905 505 1129 557 616-651.)
1173 507 1404 559 expositis,
1450 520 1566 560 quae

151 573 344 626 quidem,
367 573 410 613 ni
434 573 572 623 fallor,
591 574 624 613 si
645 573 755 626 quis,
779 573 928 613 studio
945 575 1138 626 partium
1162 589 1212 616 ac
1230 575 1564 629 praeconceptis

150 643 435 695 opinionibus
471 643 699 697 depositis,
723 642 983 695 perpendat,
1015 643 1093 683 vix
1129 643 1218 683 fieri
1258 650 1408 697 potest
1443 644 1564 697 quin,

150 712 271 764 quod
304 712 464 752 attinet
487 712 542 751 ad
581 711 903 764 obligationem
944 711 1160 752 referendi
1193 719 1319 754 actus
1354 713 1396 752 in
1430 712 1563 754 finem

150 779 417 829 ulteriorem,
456 786 505 820 ut
540 779 766 820 moraliter
799 779 905 820 boni
935 780 1056 829 fiant,
1094 782 1361 821 sententiam
1398 781 1563 823 Scotis—

148 853 306 896 tarum,
330 848 488 888 saltem
513 853 560 888 ut
583 847 715 900 longe
745 848 1105 902 probabiliorem,
1135 851 1443 903 amplectatur.

206 916 303 968 674.
341 917 466 957 Haec
502 917 682 970 quidem
721 918 777 957 de
815 919 1114 959 controversia
1150 919 1232 959 hac
1265 919 1562 969 celeberrima,

147 985 266 1037 quod
290 987 451 1026 attinet
474 987 528 1027 ad
555 992 820 1038 argumenta
843 1000 956 1039 quae
979 1001 1004 1027 a
1028 987 1119 1028 TT.
1138 988 1266 1028 unius
1288 987 1358 1028 vel
1380 987 1560 1028 alterius

146 1053 324 1094 scholae
346 1054 528 1106 proferri
561 1054 722 1095 solent.
788 1054 947 1096 Restat
978 1069 1082 1096 vero
1118 1062 1166 1096 ut
1200 1057 1421 1110 quaedam
1457 1056 1558 1097 sub-

140 1121 383 1174 jungamus
421 1124 477 1164 de
513 1123 716 1163 doctrina
750 1123 887 1176 ipsius
926 1124 970 1165 S.
994 1124 1208 1174 Thomae,
1233 1139 1290 1165 ex
1315 1125 1489 1178 quibus,
1514 1126 1558 1165 ni

143 1189 283 1239 fallor,
327 1191 550 1232 videbitur
592 1205 680 1232 non
728 1192 870 1232 solam
925 1192 992 1246 (a)
1036 1194 1346 1234 auctoritatem
1391 1194 1487 1247 ejus
1532 1208 1559 1235 a

144 1258 403 1310 Thomistis,
439 1261 699 1314 praesertim
737 1261 1068 1311 recentioribus,
1106 1263 1329 1303 immerito
1363 1263 1558 1304 invocari

142 1329 198 1369 ad
237 1329 551 1370 stabiliendam
590 1330 903 1370 necessitatem
937 1330 1164 1371 relationis
1196 1345 1330 1384 quam
1364 1345 1557 1385 propug-

143 1403 266 1448 nant,
300 1404 436 1451 atque
467 1399 524 1438 ad
556 1398 908 1439 confirmandam
942 1399 1189 1440 doctrinam
1223 1413 1310 1452 qua
1333 1406 1380 1440 ut
1403 1400 1557 1458 otiosa,

144 1474 188 1508 et
210 1468 311 1508 ideo
334 1474 383 1508 ut
405 1474 602 1522 peccata,
625 1468 844 1509 damnant
881 1483 933 1509 ea
969 1482 1104 1522 opera
1128 1482 1242 1521 quae
1280 1468 1374 1508 sine
1409 1468 1557 1508 istius-

144 1537 266 1577 modi
298 1537 511 1577 relatione
533 1536 653 1585 fiant,
675 1538 752 1577 scd
785 1538 920 1577 etiam
954 1537 1015 1590 (b)
1040 1537 1262 1577 videbitur
1283 1537 1554 1590 Angelicum

142 1604 288 1658 ipsum
321 1605 565 1646 Doctorem
598 1605 793 1654 ulterius,
817 1612 865 1646 ut
897 1605 958 1645 ita
990 1606 1148 1654 dicam,
1172 1619 1306 1658 quam
1333 1605 1554 1646 Scotistae

141 1673 211 1713 hic
234 1674 453 1727 progredi,
475 1688 613 1727 quum
636 1688 725 1714 non
747 1674 891 1714 solum
916 1680 1035 1727 neget
1058 1674 1284 1714 moraliter
1306 1674 1441 1713 malos
1458 1688 1552 1714 esse

140 1748 267 1782 actus
304 1742 378 1795 qui
423 1743 484 1782 ita
526 1742 648 1792 fiant,
685 1743 762 1782 sed
807 1756 830 1783 e
873 1742 1095 1783 contrario
1138 1743 1297 1782 doceat
1339 1756 1426 1791 eos,
1468 1742 1551 1782 nisi

140 1810 319 1851 aliunde
363 1811 584 1860 vitientur,
626 1810 852 1851 moraliter
893 1811 1017 1850 bonos
1067 1825 1176 1860 esse,
1217 1811 1366 1859 immo,
1407 1811 1442 1850 si
1494 1811 1552 1852 ab

139 1879 320 1919 homine
366 1879 489 1932 justo
541 1879 661 1929 fiant,
716 1880 964 1920 meritorios
1016 1893 1112 1919 esse
1162 1880 1348 1933 praemii
1399 1894 1549 1934 super-

139 1948 364 1988 naturalis.

197 2016 293 2068 675.
327 2016 397 2057 En
436 2017 572 2069 igitur
603 2017 742 2070 ipsius
780 2017 836 2058 D.
869 2017 1072 2057 Thomae
1109 2017 1254 2067 verba,
1291 2032 1348 2058 ex
1386 2018 1547 2071 quibus

138 2090 263 2137 patet
301 2083 343 2126 S.
383 2085 625 2125 Doctorem
668 2086 778 2127 haec
821 2092 1011 2139 quatuor
1052 2086 1284 2128 docuisse:
1343 2090 1382 2127 1⁰
1412 2101 1548 2141 opera

136 2153 320 2205 quaevis
342 2167 456 2206 quae
479 2154 534 2194 ab
557 2154 738 2195 homine
770 2154 890 2203 fiant,
912 2168 996 2207 v.g.
1019 2154 1243 2208 loquendi,
1267 2156 1546 2206 comedendi,

137 2221 331 2271 bibendi,
356 2222 550 2272 ludendi,
571 2237 618 2263 se
653 2224 895 2273 recreandi,
933 2230 1027 2272 etc.,
1061 2230 1154 2273 etc.,
1190 2224 1260 2264 vel
1297 2239 1393 2265 esse
1416 2239 1474 2265 ex
1495 2238 1543 2265 se

135 2290 268 2339 licita,
290 2304 428 2344 quum
464 2297 640 2331 servent
674 2292 871 2332 medium
901 2291 1084 2345 justum,
1107 2291 1176 2332 vel
1215 2292 1381 2342 illicita,
1406 2307 1543 2346 quum

135 2372 214 2410 per
254 2373 489 2400 excessum
531 2365 610 2400 aut
650 2374 729 2413 per
768 2359 992 2401 defectum
1034 2373 1060 2400 a
1115 2360 1263 2400 medio
1305 2361 1542 2402 recedant:

135 2430 179 2467 2⁰
202 2427 357 2480 prioris
393 2428 568 2480 generis
604 2441 752 2481 opera,
786 2428 961 2482 quoties
1003 2427 1112 2469 fiant
1153 2428 1409 2478 deliberate,
1450 2442 1539 2470 non

133 2495 277 2536 solum
301 2495 418 2537 licita
441 2509 550 2546 esse,
573 2502 786 2549 tanquam
809 2510 891 2536 non
915 2496 1033 2536 mala
1054 2495 1118 2549 (et
1140 2503 1316 2536 tantum
1341 2496 1537 2550 indi-ffer-

130 2563 261 2611 entia,
285 2571 334 2605 ut
367 2570 572 2606 statuunt
601 2563 856 2618 Scotistae)‚
895 2565 973 2605 sed
1011 2565 1146 2606 etiam
1185 2579 1280 2605 esse
1317 2566 1540 2606 moraliter
