1716 2729
98 111 137 138 n.
166 109 180 137 Ι
194 98 247 151 1.]
554 101 605 142 de
625 101 808 142 Actibus
829 101 1064 141 Humanis.
1449 103 1499 142 81

160 215 249 265 198.
295 213 523 260 Divisio.
584 217 712 258 Haec
758 216 1076 268 indifferentiae
1117 215 1296 255 libertas
1337 216 1504 270 triplex

95 283 415 336 distinguitur:
462 285 642 326 libertas
677 285 1037 333 contradictionis,
1078 285 1412 334 contrarietatis,
1457 292 1502 326 et

94 352 424 405 specificationis.

159 431 252 472 199.
305 421 508 462 Libertas
559 422 908 463 contradictionis
959 428 1025 462 est
1072 421 1258 462 facultas
1310 422 1502 475 eligendi

93 488 352 529 utrumlibet
375 503 398 529 e
420 489 594 530 duobus
613 490 972 539 contradictoriis,
993 504 1119 542 quae,
1142 496 1189 530 ut
1212 489 1320 530 haec
1343 491 1505 532 divisio

93 557 370 597 communius
408 558 677 611 intelligitur,
719 566 823 599 sunt
865 559 1031 612 aliquid
1070 558 1185 608 velle,
1221 564 1264 598 et
1306 558 1500 611 idipsum

91 638 175 665 non
216 625 332 667 velle.
397 626 470 667 Sic
512 640 594 679 v.g.
631 628 778 667 Deum
821 641 982 676 amare,
1025 628 1173 667 Deum
1216 640 1298 667 uon
1335 641 1496 667 amare.

91 693 296 734 Libertas
337 695 656 735 contrarietatis
698 703 764 736 est
802 696 989 737 facultas
1025 695 1216 749 eligendi
1254 695 1369 735 inter
1409 696 1502 736 duo

88 763 322 811 contraria,
357 777 473 816 quae
506 770 609 804 sunt
650 765 709 815 (a)
749 765 916 818 aliquid
951 765 1065 813 velle,
1088 771 1131 804 et
1169 764 1361 817 idipsum
1397 770 1499 805 actu

88 831 278 884 positivo
299 831 416 880 nolle,
440 838 488 872 ut
509 846 599 885 v.g.
624 833 772 873 Deum
807 847 967 882 amare,
1003 833 1112 873 nolli⁷
1143 833 1290 872 Deum
1314 847 1463 873 amare
1478 850 1498 882 ‚-

88 905 165 940 aut
189 899 248 952 (b)
271 898 374 939 velle
395 899 577 953 aliquid,
601 906 736 954 atque
768 902 873 942 velle
902 902 1149 954 oppositum,
1173 907 1221 940 ut
1242 914 1322 953 νς.
1348 901 1498 940 Deum

86 982 246 1015 amare,
281 968 430 1008 Deum
468 970 563 1009 odio
597 969 762 1011 liabere.
828 970 1034 1011 Libertas
1070 969 1394 1023 specificationis
1430 975 1498 1010 est

87 1036 274 1077 facultas
297 1037 489 1090 eligendi
512 1038 625 1079 inter
646 1039 736 1079 duo
759 1046 835 1080 aut
866 1039 1005 1092 plura,
1029 1052 1143 1092 quae
1175 1038 1371 1078 diversae
1392 1044 1495 1079 sunt

84 1105 240 1158 speciei,
278 1119 367 1146 non
403 1112 555 1146 tamen
593 1108 817 1160 opposita.
883 1107 956 1148 Sic
979 1121 1058 1160 νς.
1084 1107 1233 1147 Deum
1270 1120 1430 1155 amare,
1452 1107 1495 1146 in

86 1173 235 1214 Deum
257 1174 567 1215 credam—Ita
584 1175 781 1227 quidem,
807 1181 853 1215 ut
870 1175 965 1227 jam
981 1175 1194 1221 diximus,
1217 1174 1497 1214 communius

86 1243 328 1295 exponitur
360 1242 469 1282 haee
504 1243 675 1283 divisio.
739 1244 776 1283 Ii
799 1257 904 1284 vero
927 1243 1002 1296 qui
1038 1249 1205 1296 negant
1243 1256 1374 1295 posse
1397 1256 1496 1282 eam

85 1309 176 1350 fieri
199 1311 485 1351 omissionem
511 1312 568 1358 (n.
591 1311 682 1364 61.)
707 1325 821 1364 quae
847 1318 967 1364 pura
988 1317 1183 1359 vocatur,
1207 1312 1309 1352 ideo
1329 1318 1495 1351 contra-

82 1379 264 1419 dictoria
287 1385 490 1420 statuunt
512 1393 607 1419 esse
629 1380 738 1420 haec
761 1380 864 1429 duo,
897 1380 1065 1432 aliquid
1089 1379 1201 1428 velle,
1225 1385 1270 1420 et
1300 1379 1494 1432 idipsum

83 1448 274 1500 positivo
297 1454 398 1488 actu
422 1448 540 1497 nolle,
562 1462 645 1502 v.g.
659 1462 812 1489 amare
832 1449 994 1498 Deum,
1008 1448 1116 1488 nollo
1137 1448 1286 1488 Deum
1308 1461 1460 1487 amare
1472 1462 1493 1494 ,·

82 1530 132 1556 ac
150 1516 311 1556 deinde
332 1516 551 1556 contraria
565 1522 780 1566 statuunt,
797 1517 902 1558 velle
921 1517 1101 1570 aliquid,
1115 1523 1159 1558 et
1175 1516 1280 1557 velle
1290 1516 1492 1570 ejusdem

80 1585 325 1638 oppositum,
349 1590 398 1625 ut
418 1599 501 1638 νς.
525 1585 674 1625 Deum
696 1599 856 1635 amare,
881 1586 1029 1626 Deum
1053 1585 1147 1625 oa'io
1167 1582 1344 1625 habere}

140 1664 238 1695 200.
273 1653 406 1694 Fides
443 1653 677 1694 Catholica
713 1653 845 1694 docet
880 1653 1124 1701 hominem,
1157 1653 1292 1693 etiarn
1327 1653 1371 1692 in
1407 1652 1491 1693 hoc

82 1729 200 1764 statu
243 1728 430 1763 naturae
480 1722 643 1775 lapsae,
683 1736 789 1763 vera
826 1723 1092 1776 'praeditum
1144 1735 1240 1762 esse
1287 1721 1491 1762 libertate

80 1790 403 1832 indifferentiae
424 1804 500 1831 seu
522 1790 662 1831 libero
695 1790 905 1831 arbitrio:
939 1790 1058 1843 quod
1095 1790 1163 1830 his
1193 1790 1339 1830 verbis
1374 1789 1491 1831 Con-

79 1860 229 1901 cilium
251 1859 568 1901 Tridentinum
600 1859 814 1909 definivit,
834 1859 1094 1899 damnando
1125 1873 1318 1899 errorem
1350 1873 1490 1912 oppo-

80 1929 211 1969 situm
232 1941 241 1969 ε
272 1931 292 1948 “
311 1928 358 1970 Si
381 1928 479 1981 quis
501 1928 688 1969 liberum
712 1928 943 1969 arbitrium
966 1933 1068 1981 post
1091 1927 1223 1968 Adae
1255 1933 1486 1980 peccatum

78 1997 290 2037 amissum
313 2003 358 2038 et
379 1997 628 2038 extinctum
652 2010 748 2037 esse
769 1997 935 2037 dixerit
953 2011 962 2047 ;
984 2002 1062 2036 aut
1084 2009 1175 2036 rem
1197 2009 1293 2036 esse
1315 1996 1370 2036 de
1392 1995 1488 2036 solo

77 2065 221 2114 titulo,
243 2066 332 2106 imo
368 2065 547 2106 titulum
583 2066 677 2106 sine
700 2079 758 2115 re,
778 2065 1043 2118 figmentum
1066 2065 1258 2117 denique
1281 2078 1306 2104 a
1328 2069 1486 2104 satana

76 2134 300 2174 invectum
342 2134 385 2174 in
427 2134 686 2185 ecclesiam;
719 2133 959 2174 anathema
992 2132 1089 2175 sit.'’
1151 2133 1287 2182 <Sess.
1324 2133 1377 2173 vi.
1419 2131 1488 2172 Do

70 2201 399 2257 justificatione,
420 2216 512 2242 can.
539 2203 596 2256 5.)

137 2281 233 2311 201.
267 2270 449 2310 Errores
482 2269 584 2310 huic
626 2271 856 2311 doctrinae
892 2271 1086 2324 oppositi
1128 2270 1185 2310 ad
1227 2270 1317 2310 duo
1359 2282 1482 2322 prae-

75 2340 225 2380 sertim
248 2352 411 2392 genera
431 2346 706 2380 revocantur.

134 2418 230 2449 202.
265 2407 461 2446 Primum
499 2407 761 2456 Novatores,
796 2407 852 2448 ad
889 2420 1076 2460 quorum
1109 2407 1324 2447 haeresim
1358 2407 1481 2447 dam-

127 2561 206 2592 Vid.
226 2571 292 2602 νς.
310 2559 523 2595 Haunoldus‚
545 2560 651 2592 leeol.
670 2561 888 2601 Speculativa,
906 2561 983 2592 Lib.
999 2561 1030 2591 ii.
1049 2565 1142 2592 tract.
1161 2560 1182 2593 i.
1202 2570 1276 2602 cap.
1294 2560 1341 2592 iii.
1354 2571 1386 2592 n.
1404 2560 1478 2592 228.

1334 2613 1366 2645 G
