1716 2729
142 65 181 94 n.
207 50 294 108 29.]
589 49 637 89 de
658 47 840 89 Actibus
860 45 1100 88 Humanis.
1469 51 1547 93 177

141 168 215 223 qui
257 168 359 209 licet
400 165 594 207 ulteriori
637 164 723 204 fine
775 162 1131 209 subordinentur‚
1163 166 1361 200 attamen
1413 159 1548 198 etiam

143 243 415 291 appetuntur
446 235 617 275 ratione
648 234 743 273 sui:
786 232 899 273 sicut
932 230 1151 271 medicina
1182 229 1338 281 sapida
1370 234 1551 282 propter

144 308 381 347 sanitatem
434 308 676 355 assumpta,
727 306 902 354 praeter
962 299 1210 339 bonitatem
1262 296 1395 336 medii
1448 309 1550 336 con-

145 374 347 416 ducentis
369 373 426 413 ad
447 372 698 419 Sanitatem,
720 369 856 409 habet
878 368 1102 421 propriam
1136 365 1416 414 suavitatem,
1437 378 1551 417 quae

145 457 222 497 per
243 457 288 483 se
311 448 355 482 et
377 446 557 494 propter
578 453 623 478 se
647 438 802 492 placet.
867 436 969 489 Quo
1000 448 1132 476 sensu
1165 435 1226 474 ait
1256 433 1303 474 S.
1327 432 1554 482 Thomas,l

144 516 268 553 “non
303 516 368 550 est
407 507 719 549 inconveniens
751 512 799 547 ut
833 505 999 558 aliquid
1027 509 1206 556 propter
1237 516 1281 541 se
1305 507 1486 550 ametur,
1509 507 1553 542 et
1585 497 1588 501 ’

144 589 295 623 tamen
317 578 380 619 ad
396 578 582 618 alterum
603 571 858 616 ordinetur.2

202 648 300 701 496.
335 646 565 688 Subtiliter
597 652 747 685 tamen
781 640 1096 683 animadvertit
1130 637 1358 680 Mastrius³
1394 638 1554 680 doctri-

146 731 251 759 nam
293 716 354 756 sic
397 713 623 761 traditam,
664 713 745 752 etsi
788 712 969 766 quidem
1011 709 1240 751 verissima
1291 715 1369 758 est,
1411 709 1556 761 reipsa

145 798 296 832 tamen
333 800 422 828 non
465 786 679 839 respicere
715 784 1035 838 quaestionem,
1069 782 1125 822 de
1155 795 1243 835 qua
1279 781 1349 821 hic
1382 781 1558 834 proprie

146 861 371 916 agendum
394 864 472 907 est,
494 871 550 898 an
575 857 707 897 medii
741 856 951 896 honestas
982 853 1133 907 agenti
1166 853 1307 906 possit
1337 852 1481 901 tribui,
1504 865 1558 892 eo

145 929 266 984 quod
318 928 453 980 eligat
505 926 701 966 medium
754 930 964 977 quatenus
1015 921 1203 962 medium
1243 927 1314 962 est.
1377 920 1556 961 Etenim

145 1003 167 1021 “
186 998 442 1042 conceditur
464 995 660 1036 medium
686 992 749 1049 [in
772 1007 875 1034 casu
898 1006 939 1032 n.
962 1000 1060 1044 495.
1084 990 1332 1044 proposito]
1350 989 1558 1043 primario

147 1068 311 1109 habere
357 1066 574 1106 rationem
615 1063 740 1116 finis,
792 1068 1014 1115 quatenus
1065 1060 1272 1113 proxime
1323 1059 1381 1099 ob
1432 1071 1558 1098 suam

148 1138 429 1179 honestatem
480 1133 718 1186 appetitur,
759 1138 803 1172 et
844 1129 1106 1171 secundario
1148 1129 1365 1169 rationem
1417 1128 1560 1176 medii,

152 1213 371 1262 quatenus
394 1203 452 1244 ob
474 1216 599 1243 suam
631 1201 872 1242 utilitatem
905 1200 1131 1254 appetitur
1152 1207 1332 1252 propter
1353 1198 1471 1239 hunc
1493 1197 1562 1238 vel

148 1277 274 1318 illum
300 1273 432 1314 finem
455 1285 462 1312 :
496 1284 585 1324 qua
607 1270 778 1310 ratione
801 1270 936 1309 etiam
959 1267 1219 1308 conceditur
1259 1300 1267 1308 .
1310 1299 1318 1308 .
1352 1267 1560 1307 affectum

150 1347 265 1388 circa
285 1343 375 1384 tale
398 1341 623 1394 objectum
647 1339 854 1392 primario
876 1338 1038 1378 habere
1061 1337 1279 1376 rationem
1304 1336 1563 1384 intentionis,

151 1421 196 1456 et
228 1411 488 1454 secundario
519 1404 769 1449 electionz's4:
798 1406 893 1459 jam
925 1420 1030 1459 ergo
1052 1412 1188 1459 patet,
1209 1407 1329 1459 quod
1362 1406 1423 1447 ita
1483 1439 1491 1447 .

153 1483 335 1525 minime
372 1479 587 1532 probatur
620 1477 740 1530 quod
773 1475 923 1525 electio,
957 1480 1006 1514 ut
1036 1475 1150 1525 talis,
1172 1474 1420 1515 bonitatem
1450 1476 1561 1515 acci-

152 1555 246 1610 piat
267 1567 294 1592 a
317 1550 464 1600 medio,
486 1554 694 1602 qnatenus
716 1546 807 1596 tali,
821 1546 898 1586 sed
921 1550 1096 1585 tantum
1120 1546 1240 1598 quod
1263 1552 1388 1587 actus
1407 1545 1479 1585 ille
1511 1578 1519 1586 .
1554 1576 1562 1584 .

152 1627 287 1669 sumit
319 1624 568 1665 bonitatem
601 1635 627 1661 a
659 1620 820 1669 medio,
852 1632 940 1659 non
973 1632 1025 1658 ea
1057 1619 1226 1659 ratione
1257 1632 1343 1670 qua
1376 1618 1565 1659 medinm

153 1703 233 1747 est,
255 1695 332 1736 sed
355 1707 439 1747 qua
449 1692 588 1746 finis:
621 1703 757 1744 quare
779 1703 860 1730 nec
881 1689 1079 1729 totaliter
1100 1688 1288 1741 primam
1310 1689 1565 1742 opinionem

156 1766 326 1815 refellit,
348 1778 474 1818 quae,
489 1763 671 1817 quando
686 1766 821 1814 negat
842 1759 1106 1800 electionem
1129 1772 1302 1799 sumere
1319 1759 1566 1800 bonitatem

158 1851 184 1878 a
215 1835 375 1884 medio,
397 1832 592 1886 loquitur
623 1831 679 1871 de
711 1829 927 1871 electione
959 1836 1003 1869 et
1036 1828 1195 1879 medio,
1218 1836 1427 1881 quatenus
1459 1830 1567 1870 talia

159 1902 319 1946 sunt.''⁵

214 1986 312 2028 497.
346 1975 554 2026 Ideoque,
578 1978 627 2012 ut
664 1971 782 2011 idem
819 1969 1146 2018 animadvertit,
1169 1968 1372 2009 doctrina
1409 1982 1447 2009 n.
1470 1979 1565 2021 493.

159 2045 323 2088 tradita
364 2041 520 2082 melius
570 2038 838 2080 stabilienda
888 2043 955 2078 est
1005 2051 1063 2077 ex
1105 2051 1157 2077 eo
1199 2038 1318 2090 quod
1372 2038 1564 2077 medium

206 2206 217 2226 1
241 2205 282 2235 In
303 2213 328 2235 1.
346 2203 434 2234 Dist.
458 2211 485 2232 1.
506 2201 643 2241 Quaest.
660 2209 691 2230 2.
710 2206 769 2230 art.
795 2207 823 2229 1.
842 2199 882 2229 ad
902 2207 933 2238 3.

207 2249 219 2268 '2
242 2248 321 2278 Vid.
347 2247 446 2278 etiam
472 2247 602 2281 Suarez,
633 2244 690 2274 Tr.
709 2243 746 2273 de
765 2242 922 2272 Banz'tase
941 2247 970 2272 el
985 2241 1120 2272 Malitia
1144 2241 1385 2272 Humanarum
1410 2241 1568 2278 Acluum,

163 2294 261 2332 Disp.
281 2292 322 2321 vi.
338 2295 423 2322 sect.
447 2296 486 2329 33
512 2288 663 2328 Arriaga,
679 2287 733 2317 De
748 2287 828 2316 Act.
848 2285 1133 2326 Humanis‚Disp.
1158 2291 1194 2325 15
1213 2297 1221 2322 ;
1239 2284 1408 2319 Mastrius,
1428 2284 1481 2314 De
1495 2285 1569 2314 Act.

163 2334 348 2372 Humanis,
369 2332 467 2374 Disp.
483 2338 510 2372 5.
531 2342 566 2362 n.
585 2329 669 2367 226;
687 2330 823 2367 Henno,
843 2332 894 2360 lje
909 2330 983 2359 Act.
1003 2329 1187 2366 Humanis,
1206 2327 1303 2369 Disp.
1324 2335 1352 2368 3.
1374 2327 1509 2367 Quaest.
1538 2339 1568 2359 x.

164 2386 227 2411 art.
248 2387 276 2409 1.
297 2376 402 2409 concl.
420 2384 462 2413 23
488 2376 622 2415 Sporer,
641 2373 753 2405 Tract.
774 2381 800 2405 1.
821 2383 893 2414 cap.
910 2372 956 2402 iii.
972 2382 1004 2404 n.
1029 2380 1078 2411 14.

205 2423 219 2443 3
242 2423 294 2452 De
308 2419 440 2452 Actibus
455 2418 638 2453 Humanis,
656 2417 754 2458 Disp.
775 2422 804 2457 5.
829 2427 862 2448 n.
884 2415 957 2449 228.

207 2466 220 2486 ⁴¹
243 2465 323 2496 Vid.
341 2468 448 2500 antea,
468 2472 502 2492 n.
519 2468 594 2501 433.

208 2508 222 2530 ⁵
245 2510 297 2539 De
312 2507 448 2539 Actibus
463 2504 648 2542 Humanis,
668 2503 767 2545 Disp.
787 2508 818 2544 5.
836 2513 870 2534 n.
890 2501 964 2534 228.
