<?xml version="1.0" encoding="UTF-8"?>
<!DOCTYPE html PUBLIC "-//W3C//DTD XHTML 1.0 Transitional//EN"
    "http://www.w3.org/TR/xhtml1/DTD/xhtml1-transitional.dtd">
<html xmlns="http://www.w3.org/1999/xhtml" xml:lang="en" lang="en">
 <head>
  <title>
</title>
<meta http-equiv="Content-Type" content="text/html;charset=utf-8" />
  <meta name='ocr-system' content='tesseract 3.04.00' />
  <meta name='ocr-capabilities' content='ocr_page ocr_carea ocr_par ocr_line ocrx_word'/>
</head>
<body>
  <div class='ocr_page' id='page_1' title='image "./tractatusdeactib00wals_0046.png"; bbox 0 0 1716 2729; ppageno 0'>
   <div class='ocr_carea' id='block_1_1' title="bbox 169 56 1568 112">
    <p class='ocr_par' dir='ltr' id='par_1_1' title="bbox 169 56 1568 112">
     <span class='ocr_line' id='line_1_1' title="bbox 169 56 1568 112; baseline 0.006 -19"><span class='ocrx_word' id='word_1_1' title='bbox 169 68 226 109; x_wconf 86' lang='lat'>30</span> <span class='ocrx_word' id='word_1_2' title='bbox 757 56 912 98; x_wconf 84' lang='lat' dir='ltr'><em>Tracta</em></span> <span class='ocrx_word' id='word_1_3' title='bbox 917 63 986 97; x_wconf 81' lang='lat' dir='ltr'>tus</span> <span class='ocrx_word' id='word_1_4' title='bbox 1389 58 1484 112; x_wconf 89' lang='lat' dir='ltr'>[GU</span> <span class='ocrx_word' id='word_1_5' title='bbox 1490 69 1568 108; x_wconf 87' lang='lat' dir='ltr'>RY,</span> 
     </span>
    </p>
   </div>
   <div class='ocr_carea' id='block_1_2' title="bbox 157 171 1570 2333">
    <p class='ocr_par' dir='ltr' id='par_1_2' title="bbox 157 171 1569 700">
     <span class='ocr_line' id='line_1_2' title="bbox 227 171 1569 224; baseline 0.001 -11"><span class='ocrx_word' id='word_1_6' title='bbox 227 175 273 224; x_wconf 81' lang='lat'>3⁰</span> <span class='ocrx_word' id='word_1_7' title='bbox 303 172 622 214; x_wconf 87' lang='lat' dir='ltr'>Voluntarium</span> <span class='ocrx_word' id='word_1_8' title='bbox 657 172 751 212; x_wconf 88' lang='lat' dir='ltr'>sive</span> <span class='ocrx_word' id='word_1_9' title='bbox 771 171 938 211; x_wconf 86' lang='lat' dir='ltr'><em>actuale</em></span> <span class='ocrx_word' id='word_1_10' title='bbox 967 171 1058 212; x_wconf 82' lang='lat' dir='ltr'>sive</span> <span class='ocrx_word' id='word_1_11' title='bbox 1089 171 1278 212; x_wconf 76' lang='lat' dir='ltr'><em>virtuale</em></span> <span class='ocrx_word' id='word_1_12' title='bbox 1297 172 1404 212; x_wconf 85' lang='lat' dir='ltr'>satis</span> <span class='ocrx_word' id='word_1_13' title='bbox 1428 173 1569 215; x_wconf 88' lang='lat' dir='ltr'>influit</span> 
     </span>
     <span class='ocr_line' id='line_1_3' title="bbox 165 239 1569 289; baseline 0.003 -10"><span class='ocrx_word' id='word_1_14' title='bbox 165 240 208 279; x_wconf 91' lang='lat' dir='ltr'>in</span> <span class='ocrx_word' id='word_1_15' title='bbox 232 246 358 281; x_wconf 86' lang='lat' dir='ltr'>actus</span> <span class='ocrx_word' id='word_1_16' title='bbox 387 240 685 280; x_wconf 88' lang='lat' dir='ltr'>moralitatem</span> <span class='ocrx_word' id='word_1_17' title='bbox 717 245 794 280; x_wconf 88' lang='lat' dir='ltr'>aut</span> <span class='ocrx_word' id='word_1_18' title='bbox 815 239 1104 289; x_wconf 78' lang='lat' dir='ltr'>validitatem,</span> <span class='ocrx_word' id='word_1_19' title='bbox 1129 245 1176 279; x_wconf 93' lang='lat' dir='ltr'>ut</span> <span class='ocrx_word' id='word_1_20' title='bbox 1207 245 1332 280; x_wconf 81' lang='lat' dir='ltr'>actus</span> <span class='ocrx_word' id='word_1_21' title='bbox 1355 240 1569 283; x_wconf 88' lang='lat' dir='ltr'>efficiatur</span> 
     </span>
     <span class='ocr_line' id='line_1_4' title="bbox 163 307 1564 364; baseline 0.001 -15"><span class='ocrx_word' id='word_1_22' title='bbox 163 308 377 349; x_wconf 83' lang='lat' dir='ltr'>honestus</span> <span class='ocrx_word' id='word_1_23' title='bbox 407 309 476 349; x_wconf 91' lang='lat' dir='ltr'>vel</span> <span class='ocrx_word' id='word_1_24' title='bbox 508 309 779 357; x_wconf 85' lang='lat' dir='ltr'>inhonestus,</span> <span class='ocrx_word' id='word_1_25' title='bbox 807 307 979 348; x_wconf 87' lang='lat' dir='ltr'>validus</span> <span class='ocrx_word' id='word_1_26' title='bbox 1010 307 1078 347; x_wconf 92' lang='lat' dir='ltr'>vel</span> <span class='ocrx_word' id='word_1_27' title='bbox 1111 307 1354 349; x_wconf 91' lang='lat' dir='ltr'>invalidus:</span> <span class='ocrx_word' id='word_1_28' title='bbox 1388 309 1450 350; x_wconf 89' lang='lat' dir='ltr'>sic</span> <span class='ocrx_word' id='word_1_29' title='bbox 1479 324 1564 364; x_wconf 87' lang='lat' dir='ltr'>v.g.</span> 
     </span>
     <span class='ocr_line' id='line_1_5' title="bbox 164 375 1568 429; baseline 0.002 -13"><span class='ocrx_word' id='word_1_30' title='bbox 164 376 207 415; x_wconf 87' lang='lat' dir='ltr'>in</span> <span class='ocrx_word' id='word_1_31' title='bbox 241 382 428 429; x_wconf 88' lang='lat' dir='ltr'>utroque</span> <span class='ocrx_word' id='word_1_32' title='bbox 459 376 670 428; x_wconf 87' lang='lat' dir='ltr'>exemplo</span> <span class='ocrx_word' id='word_1_33' title='bbox 702 389 742 415; x_wconf 92' lang='lat' dir='ltr'>n.</span> <span class='ocrx_word' id='word_1_34' title='bbox 764 376 834 415; x_wconf 83' lang='lat'>68.</span> <span class='ocrx_word' id='word_1_35' title='bbox 866 375 1030 414; x_wconf 88' lang='lat' dir='ltr'>tradito</span> <span class='ocrx_word' id='word_1_36' title='bbox 1062 381 1388 416; x_wconf 85' lang='lat' dir='ltr'>sacramentum</span> <span class='ocrx_word' id='word_1_37' title='bbox 1424 377 1568 419; x_wconf 82' lang='lat' dir='ltr'>valide</span> 
     </span>
     <span class='ocr_line' id='line_1_6' title="bbox 157 442 1566 496; baseline 0.001 -11"><span class='ocrx_word' id='word_1_38' title='bbox 157 443 404 485; x_wconf 83' lang='lat' dir='ltr'>conficitur.</span> <span class='ocrx_word' id='word_1_39' title='bbox 478 444 791 485; x_wconf 86' lang='lat' dir='ltr'>Voluntarium</span> <span class='ocrx_word' id='word_1_40' title='bbox 832 456 936 483; x_wconf 89' lang='lat' dir='ltr'>vero</span> <span class='ocrx_word' id='word_1_41' title='bbox 986 442 1216 493; x_wconf 74' lang='lat' dir='ltr'><em>habituale,</em></span> <span class='ocrx_word' id='word_1_42' title='bbox 1259 457 1395 496; x_wconf 89' lang='lat' dir='ltr'>quum</span> <span class='ocrx_word' id='word_1_43' title='bbox 1446 446 1566 487; x_wconf 84' lang='lat' dir='ltr'>nullo</span> 
     </span>
     <span class='ocr_line' id='line_1_7' title="bbox 164 511 1563 566; baseline 0.001 -14"><span class='ocrx_word' id='word_1_44' title='bbox 164 512 311 561; x_wconf 91' lang='lat' dir='ltr'>modo,</span> <span class='ocrx_word' id='word_1_45' title='bbox 333 525 387 552; x_wconf 90' lang='lat' dir='ltr'>ne</span> <span class='ocrx_word' id='word_1_46' title='bbox 423 512 467 551; x_wconf 92' lang='lat' dir='ltr'>in</span> <span class='ocrx_word' id='word_1_47' title='bbox 499 511 660 551; x_wconf 85' lang='lat' dir='ltr'>virtute</span> <span class='ocrx_word' id='word_1_48' title='bbox 692 511 888 564; x_wconf 82' lang='lat' dir='ltr'>quidem,</span> <span class='ocrx_word' id='word_1_49' title='bbox 921 517 1194 563; x_wconf 85' lang='lat' dir='ltr'>permaneat,</span> <span class='ocrx_word' id='word_1_50' title='bbox 1224 525 1312 551; x_wconf 91' lang='lat' dir='ltr'>non</span> <span class='ocrx_word' id='word_1_51' title='bbox 1344 519 1493 566; x_wconf 87' lang='lat' dir='ltr'>potest</span> <span class='ocrx_word' id='word_1_52' title='bbox 1523 515 1563 554; x_wconf 85' lang='lat' dir='ltr'>in</span> 
     </span>
     <span class='ocr_line' id='line_1_8' title="bbox 164 578 1568 636; baseline 0.003 -17"><span class='ocrx_word' id='word_1_53' title='bbox 164 580 460 621; x_wconf 88' lang='lat' dir='ltr'>moralitatem</span> <span class='ocrx_word' id='word_1_54' title='bbox 476 593 619 632; x_wconf 90' lang='lat' dir='ltr'>neque</span> <span class='ocrx_word' id='word_1_55' title='bbox 641 580 684 618; x_wconf 88' lang='lat' dir='ltr'>in</span> <span class='ocrx_word' id='word_1_56' title='bbox 699 578 976 618; x_wconf 81' lang='lat' dir='ltr'>validitatem</span> <span class='ocrx_word' id='word_1_57' title='bbox 993 583 1118 619; x_wconf 85' lang='lat' dir='ltr'>actus</span> <span class='ocrx_word' id='word_1_58' title='bbox 1135 578 1315 619; x_wconf 87' lang='lat' dir='ltr'>influere</span> <span class='ocrx_word' id='word_1_59' title='bbox 1334 594 1345 619; x_wconf 78' lang='grc' dir='ltr'><strong><em>ε</em></strong></span> <span class='ocrx_word' id='word_1_60' title='bbox 1377 580 1568 636; x_wconf 92' lang='lat' dir='ltr'>ideoque</span> 
     </span>
     <span class='ocr_line' id='line_1_9' title="bbox 163 647 1448 700; baseline 0.003 -13"><span class='ocrx_word' id='word_1_61' title='bbox 163 648 356 688; x_wconf 81' lang='lat' dir='ltr'>invalide</span> <span class='ocrx_word' id='word_1_62' title='bbox 377 648 624 700; x_wconf 81' lang='lat' dir='ltr'>baptizaret</span> <span class='ocrx_word' id='word_1_63' title='bbox 646 660 728 699; x_wconf 67' lang='lat' dir='ltr'>vg.</span> <span class='ocrx_word' id='word_1_64' title='bbox 754 647 914 696; x_wconf 85' lang='lat' dir='ltr'>ebrius,</span> <span class='ocrx_word' id='word_1_65' title='bbox 939 647 1175 698; x_wconf 88' lang='lat' dir='ltr'>dormiens,</span> <span class='ocrx_word' id='word_1_66' title='bbox 1193 649 1263 689; x_wconf 91' lang='lat' dir='ltr'>vel</span> <span class='ocrx_word' id='word_1_67' title='bbox 1286 663 1448 692; x_wconf 88' lang='lat' dir='ltr'>amens.</span> 
     </span>
    </p>

    <p class='ocr_par' dir='ltr' id='par_1_3' title="bbox 157 716 1569 1582">
     <span class='ocr_line' id='line_1_10' title="bbox 220 716 1568 767; baseline 0.003 -11"><span class='ocrx_word' id='word_1_68' title='bbox 220 719 267 767; x_wconf 88' lang='lat'>4⁰</span> <span class='ocrx_word' id='word_1_69' title='bbox 299 716 560 757; x_wconf 90' lang='lat' dir='ltr'>Cavendum</span> <span class='ocrx_word' id='word_1_70' title='bbox 592 728 695 755; x_wconf 87' lang='lat' dir='ltr'>vero</span> <span class='ocrx_word' id='word_1_71' title='bbox 727 721 792 755; x_wconf 91' lang='lat' dir='ltr'>est</span> <span class='ocrx_word' id='word_1_72' title='bbox 814 728 870 754; x_wconf 91' lang='lat' dir='ltr'>ne</span> <span class='ocrx_word' id='word_1_73' title='bbox 904 728 962 754; x_wconf 84' lang='lat' dir='ltr'>ex</span> <span class='ocrx_word' id='word_1_74' title='bbox 993 716 1060 755; x_wconf 86' lang='lat' dir='ltr'>his</span> <span class='ocrx_word' id='word_1_75' title='bbox 1092 716 1303 758; x_wconf 88' lang='lat' dir='ltr'>inferatur</span> <span class='ocrx_word' id='word_1_76' title='bbox 1336 718 1568 761; x_wconf 81' lang='lat' dir='ltr'>virtualem</span> 
     </span>
     <span class='ocr_line' id='line_1_11' title="bbox 157 782 1565 837; baseline 0.003 -14"><span class='ocrx_word' id='word_1_77' title='bbox 157 784 440 824; x_wconf 55' lang='lat' dir='ltr'>⁴voluntatem</span> <span class='ocrx_word' id='word_1_78' title='bbox 473 782 733 835; x_wconf 67' lang='lat' dir='ltr'><em>suscipiendi</em></span> <span class='ocrx_word' id='word_1_79' title='bbox 763 789 1091 822; x_wconf 86' lang='lat' dir='ltr'>sacramentum</span> <span class='ocrx_word' id='word_1_80' title='bbox 1125 785 1285 837; x_wconf 89' lang='lat' dir='ltr'>requiri</span> <span class='ocrx_word' id='word_1_81' title='bbox 1324 785 1368 825; x_wconf 92' lang='lat' dir='ltr'>in</span> <span class='ocrx_word' id='word_1_82' title='bbox 1402 800 1455 826; x_wconf 94' lang='lat' dir='ltr'>eo</span> <span class='ocrx_word' id='word_1_83' title='bbox 1496 788 1565 827; x_wconf 89' lang='lat' dir='ltr'>cui</span> 
     </span>
     <span class='ocr_line' id='line_1_12' title="bbox 164 849 1569 903; baseline 0.004 -12"><span class='ocrx_word' id='word_1_84' title='bbox 164 857 493 892; x_wconf 87' lang='lat' dir='ltr'>sacramentum</span> <span class='ocrx_word' id='word_1_85' title='bbox 514 851 813 891; x_wconf 86' lang='lat' dir='ltr'>ministratur:</span> <span class='ocrx_word' id='word_1_86' title='bbox 836 849 967 903; x_wconf 88' lang='lat' dir='ltr'>hujus</span> <span class='ocrx_word' id='word_1_87' title='bbox 980 851 1098 890; x_wconf 90' lang='lat' dir='ltr'>enim</span> <span class='ocrx_word' id='word_1_88' title='bbox 1113 852 1318 893; x_wconf 84' lang='lat' dir='ltr'>voluntas</span> <span class='ocrx_word' id='word_1_89' title='bbox 1331 853 1569 897; x_wconf 72' lang='lat' dir='ltr'>habitualis</span> 
     </span>
     <span class='ocr_line' id='line_1_13' title="bbox 164 918 1567 971; baseline 0.006 -13"><span class='ocrx_word' id='word_1_90' title='bbox 164 919 336 960; x_wconf 87' lang='lat' dir='ltr'>sufficit.</span> <span class='ocrx_word' id='word_1_91' title='bbox 399 919 678 959; x_wconf 84' lang='lat' dir='ltr'>Discriminis</span> <span class='ocrx_word' id='word_1_92' title='bbox 711 918 822 958; x_wconf 88' lang='lat' dir='ltr'>ratio</span> <span class='ocrx_word' id='word_1_93' title='bbox 854 924 920 958; x_wconf 91' lang='lat' dir='ltr'>est</span> <span class='ocrx_word' id='word_1_94' title='bbox 952 919 1067 971; x_wconf 85' lang='lat' dir='ltr'>quia,</span> <span class='ocrx_word' id='word_1_95' title='bbox 1099 925 1148 959; x_wconf 90' lang='lat' dir='ltr'>ut</span> <span class='ocrx_word' id='word_1_96' title='bbox 1168 929 1510 965; x_wconf 53' lang='lat' dir='ltr'>,sacramentum</span> <span class='ocrx_word' id='word_1_97' title='bbox 1540 939 1567 966; x_wconf 88' lang='lat' dir='ltr'>a</span> 
     </span>
     <span class='ocr_line' id='line_1_14' title="bbox 164 986 1567 1045; baseline 0.005 -19"><span class='ocrx_word' id='word_1_98' title='bbox 164 987 366 1027; x_wconf 87' lang='lat' dir='ltr'>ministro</span> <span class='ocrx_word' id='word_1_99' title='bbox 408 986 679 1035; x_wconf 89' lang='lat' dir='ltr'>conficiatur,</span> <span class='ocrx_word' id='word_1_100' title='bbox 726 986 962 1038; x_wconf 87' lang='lat' dir='ltr'>requiritur</span> <span class='ocrx_word' id='word_1_101' title='bbox 1001 986 1200 1039; x_wconf 87' lang='lat' dir='ltr'>ejusdem</span> <span class='ocrx_word' id='word_1_102' title='bbox 1241 994 1372 1038; x_wconf 83' lang='lat' dir='ltr'><em>actus,</em></span> <span class='ocrx_word' id='word_1_103' title='bbox 1416 991 1567 1045; x_wconf 91' lang='lat' dir='ltr'>utique</span> 
     </span>
     <span class='ocr_line' id='line_1_15' title="bbox 163 1054 1566 1107; baseline 0.006 -13"><span class='ocrx_word' id='word_1_104' title='bbox 163 1054 412 1095; x_wconf 88' lang='lat' dir='ltr'>humanus:</span> <span class='ocrx_word' id='word_1_105' title='bbox 456 1055 500 1094; x_wconf 90' lang='lat' dir='ltr'>in</span> <span class='ocrx_word' id='word_1_106' title='bbox 537 1054 806 1107; x_wconf 85' lang='lat' dir='ltr'>suscipiente</span> <span class='ocrx_word' id='word_1_107' title='bbox 836 1067 953 1103; x_wconf 90' lang='lat' dir='ltr'>ver0‚</span> <span class='ocrx_word' id='word_1_108' title='bbox 984 1055 1195 1106; x_wconf 91' lang='lat' dir='ltr'>quoniam</span> <span class='ocrx_word' id='word_1_109' title='bbox 1232 1056 1339 1096; x_wconf 91' lang='lat' dir='ltr'>nihil</span> <span class='ocrx_word' id='word_1_110' title='bbox 1376 1059 1566 1107; x_wconf 89' lang='lat' dir='ltr'>conficit,</span> 
     </span>
     <span class='ocr_line' id='line_1_16' title="bbox 163 1121 1567 1177; baseline 0.006 -16"><span class='ocrx_word' id='word_1_111' title='bbox 163 1135 253 1162; x_wconf 91' lang='lat' dir='ltr'>non</span> <span class='ocrx_word' id='word_1_112' title='bbox 276 1122 512 1174; x_wconf 86' lang='lat' dir='ltr'>requiritur</span> <span class='ocrx_word' id='word_1_113' title='bbox 544 1128 679 1171; x_wconf 82' lang='lat' dir='ltr'>actus,</span> <span class='ocrx_word' id='word_1_114' title='bbox 701 1123 777 1162; x_wconf 84' lang='lat' dir='ltr'>sed</span> <span class='ocrx_word' id='word_1_115' title='bbox 809 1121 1028 1174; x_wconf 78' lang='lat' dir='ltr'><em>dispositio</em></span> <span class='ocrx_word' id='word_1_116' title='bbox 1059 1123 1291 1175; x_wconf 84' lang='lat' dir='ltr'>quaedam,</span> <span class='ocrx_word' id='word_1_117' title='bbox 1314 1138 1427 1177; x_wconf 84' lang='lat' dir='ltr'>quae</span> <span class='ocrx_word' id='word_1_118' title='bbox 1460 1129 1567 1169; x_wconf 86' lang='lat' dir='ltr'>satis</span> 
     </span>
     <span class='ocr_line' id='line_1_17' title="bbox 165 1190 1567 1249; baseline 0.004 -19"><span class='ocrx_word' id='word_1_119' title='bbox 165 1191 291 1231; x_wconf 83' lang='lat' dir='ltr'>adest</span> <span class='ocrx_word' id='word_1_120' title='bbox 323 1191 357 1230; x_wconf 87' lang='lat' dir='ltr'>si</span> <span class='ocrx_word' id='word_1_121' title='bbox 395 1204 593 1243; x_wconf 91' lang='lat' dir='ltr'>unquam</span> <span class='ocrx_word' id='word_1_122' title='bbox 629 1190 769 1230; x_wconf 90' lang='lat' dir='ltr'>voluit</span> <span class='ocrx_word' id='word_1_123' title='bbox 805 1196 1134 1230; x_wconf 87' lang='lat' dir='ltr'>sacramentum</span> <span class='ocrx_word' id='word_1_124' title='bbox 1168 1193 1400 1245; x_wconf 85' lang='lat' dir='ltr'>suscipere,</span> <span class='ocrx_word' id='word_1_125' title='bbox 1425 1208 1567 1249; x_wconf 91' lang='lat' dir='ltr'>neque</span> 
     </span>
     <span class='ocr_line' id='line_1_18' title="bbox 166 1256 1568 1316; baseline 0.004 -18"><span class='ocrx_word' id='word_1_126' title='bbox 166 1264 323 1311; x_wconf 88' lang='lat' dir='ltr'>postea</span> <span class='ocrx_word' id='word_1_127' title='bbox 344 1258 621 1298; x_wconf 86' lang='lat' dir='ltr'>voluntatem</span> <span class='ocrx_word' id='word_1_128' title='bbox 654 1256 907 1298; x_wconf 85' lang='lat' dir='ltr'>revocavit.1</span> <span class='ocrx_word' id='word_1_129' title='bbox 967 1257 1089 1297; x_wconf 88' lang='lat' dir='ltr'>Nihil</span> <span class='ocrx_word' id='word_1_130' title='bbox 1122 1258 1256 1311; x_wconf 85' lang='lat' dir='ltr'>igitur</span> <span class='ocrx_word' id='word_1_131' title='bbox 1286 1261 1437 1302; x_wconf 85' lang='lat' dir='ltr'>obstat</span> <span class='ocrx_word' id='word_1_132' title='bbox 1458 1277 1568 1316; x_wconf 94' lang='lat' dir='ltr'>quo-</span> 
     </span>
     <span class='ocr_line' id='line_1_19' title="bbox 165 1326 1567 1378; baseline 0.005 -13"><span class='ocrx_word' id='word_1_133' title='bbox 165 1326 310 1367; x_wconf 88' lang='lat' dir='ltr'>minus</span> <span class='ocrx_word' id='word_1_134' title='bbox 352 1332 680 1368; x_wconf 84' lang='lat' dir='ltr'>sacramentum</span> <span class='ocrx_word' id='word_1_135' title='bbox 730 1339 812 1378; x_wconf 85' lang='lat' dir='ltr'>v.g.</span> <span class='ocrx_word' id='word_1_136' title='bbox 866 1332 1096 1366; x_wconf 81' lang='lat' dir='ltr'>extremae</span> <span class='ocrx_word' id='word_1_137' title='bbox 1147 1328 1368 1369; x_wconf 87' lang='lat' dir='ltr'>unctionis</span> <span class='ocrx_word' id='word_1_138' title='bbox 1420 1331 1567 1373; x_wconf 85' lang='lat' dir='ltr'>valide</span> 
     </span>
     <span class='ocr_line' id='line_1_20' title="bbox 165 1394 1554 1452; baseline 0.004 -18"><span class='ocrx_word' id='word_1_139' title='bbox 165 1394 378 1447; x_wconf 85' lang='lat' dir='ltr'>suscipiat</span> <span class='ocrx_word' id='word_1_140' title='bbox 412 1394 706 1434; x_wconf 87' lang='lat' dir='ltr'>moribundus</span> <span class='ocrx_word' id='word_1_141' title='bbox 747 1394 948 1434; x_wconf 88' lang='lat' dir='ltr'>sensibus</span> <span class='ocrx_word' id='word_1_142' title='bbox 980 1395 1162 1435; x_wconf 89' lang='lat' dir='ltr'>omnino</span> <span class='ocrx_word' id='word_1_143' title='bbox 1192 1397 1444 1447; x_wconf 81' lang='lat' dir='ltr'>destitutus,</span> <span class='ocrx_word' id='word_1_144' title='bbox 1479 1400 1554 1452; x_wconf 92' lang='lat' dir='ltr'>qui</span> 
     </span>
     <span class='ocr_line' id='line_1_21' title="bbox 166 1461 1564 1514; baseline 0.004 -13"><span class='ocrx_word' id='word_1_145' title='bbox 166 1468 405 1514; x_wconf 86' lang='lat' dir='ltr'>antequam</span> <span class='ocrx_word' id='word_1_146' title='bbox 428 1462 624 1502; x_wconf 85' lang='lat' dir='ltr'>amiserit</span> <span class='ocrx_word' id='word_1_147' title='bbox 647 1475 776 1502; x_wconf 86' lang='lat' dir='ltr'>usum</span> <span class='ocrx_word' id='word_1_148' title='bbox 810 1462 1005 1509; x_wconf 86' lang='lat' dir='ltr'>rationis,</span> <span class='ocrx_word' id='word_1_149' title='bbox 1028 1461 1216 1503; x_wconf 89' lang='lat' dir='ltr'>voluerit</span> <span class='ocrx_word' id='word_1_150' title='bbox 1238 1472 1564 1507; x_wconf 89' lang='lat' dir='ltr'>sacramentum</span> 
     </span>
     <span class='ocr_line' id='line_1_22' title="bbox 166 1529 530 1582; baseline 0 -13"><span class='ocrx_word' id='word_1_151' title='bbox 166 1529 273 1570; x_wconf 91' lang='lat' dir='ltr'>illud</span> <span class='ocrx_word' id='word_1_152' title='bbox 296 1530 530 1582; x_wconf 84' lang='lat' dir='ltr'>suscipere.</span> 
     </span>
    </p>

    <p class='ocr_par' dir='ltr' id='par_1_4' title="bbox 160 1595 1570 2123">
     <span class='ocr_line' id='line_1_23' title="bbox 229 1595 1565 1649; baseline 0.004 -12"><span class='ocrx_word' id='word_1_153' title='bbox 229 1599 270 1649; x_wconf 84' lang='lat'>5⁰</span> <span class='ocrx_word' id='word_1_154' title='bbox 293 1599 438 1638; x_wconf 90' lang='lat' dir='ltr'>Immo</span> <span class='ocrx_word' id='word_1_155' title='bbox 471 1610 575 1637; x_wconf 90' lang='lat' dir='ltr'>vero</span> <span class='ocrx_word' id='word_1_156' title='bbox 607 1609 743 1649; x_wconf 88' lang='lat' dir='ltr'>quum</span> <span class='ocrx_word' id='word_1_157' title='bbox 781 1596 985 1636; x_wconf 86' lang='lat' dir='ltr'>voluntas</span> <span class='ocrx_word' id='word_1_158' title='bbox 1022 1595 1244 1648; x_wconf 83' lang='lat' dir='ltr'><em>implicita,</em></span> <span class='ocrx_word' id='word_1_159' title='bbox 1265 1597 1384 1639; x_wconf 87' lang='lat' dir='ltr'>haud</span> <span class='ocrx_word' id='word_1_160' title='bbox 1420 1601 1565 1642; x_wconf 90' lang='lat' dir='ltr'>minus</span> 
     </span>
     <span class='ocr_line' id='line_1_24' title="bbox 166 1664 1567 1718; baseline 0.004 -13"><span class='ocrx_word' id='word_1_161' title='bbox 166 1679 301 1718; x_wconf 88' lang='lat' dir='ltr'>quam</span> <span class='ocrx_word' id='word_1_162' title='bbox 322 1664 528 1716; x_wconf 78' lang='lat' dir='ltr'><em>explicita,</em></span> <span class='ocrx_word' id='word_1_163' title='bbox 550 1665 607 1704; x_wconf 90' lang='lat' dir='ltr'>sit</span> <span class='ocrx_word' id='word_1_164' title='bbox 638 1677 789 1703; x_wconf 90' lang='lat' dir='ltr'>verum</span> <span class='ocrx_word' id='word_1_165' title='bbox 825 1664 1134 1714; x_wconf 85' lang='lat' dir='ltr'>voluntarium,</span> <span class='ocrx_word' id='word_1_166' title='bbox 1172 1678 1282 1718; x_wconf 89' lang='lat' dir='ltr'>opus</span> <span class='ocrx_word' id='word_1_167' title='bbox 1320 1680 1408 1707; x_wconf 92' lang='lat' dir='ltr'>non</span> <span class='ocrx_word' id='word_1_168' title='bbox 1430 1675 1496 1709; x_wconf 86' lang='lat' dir='ltr'>est</span> <span class='ocrx_word' id='word_1_169' title='bbox 1519 1678 1567 1712; x_wconf 87' lang='lat' dir='ltr'>ut</span> 
     </span>
     <span class='ocr_line' id='line_1_25' title="bbox 170 1732 1569 1788; baseline 0.004 -15"><span class='ocrx_word' id='word_1_170' title='bbox 170 1733 462 1773; x_wconf 83' lang='lat' dir='ltr'>moribundus</span> <span class='ocrx_word' id='word_1_171' title='bbox 486 1732 558 1772; x_wconf 91' lang='lat' dir='ltr'>ille</span> <span class='ocrx_word' id='word_1_172' title='bbox 580 1745 775 1785; x_wconf 89' lang='lat' dir='ltr'>unquam</span> <span class='ocrx_word' id='word_1_173' title='bbox 797 1732 988 1786; x_wconf 76' lang='lat' dir='ltr'><em>explicite</em></span> <span class='ocrx_word' id='word_1_174' title='bbox 1005 1746 1081 1772; x_wconf 88' lang='lat' dir='ltr'>seu</span> <span class='ocrx_word' id='word_1_175' title='bbox 1103 1741 1290 1786; x_wconf 78' lang='lat' dir='ltr'><em>expresse</em></span> <span class='ocrx_word' id='word_1_176' title='bbox 1311 1736 1569 1788; x_wconf 83' lang='lat' dir='ltr'>cogitaverit</span> 
     </span>
     <span class='ocr_line' id='line_1_26' title="bbox 160 1800 1570 1852; baseline 0.004 -11"><span class='ocrx_word' id='word_1_177' title='bbox 160 1802 223 1842; x_wconf 51' lang='lat' dir='ltr'>¹de</span> <span class='ocrx_word' id='word_1_178' title='bbox 244 1801 328 1841; x_wconf 93' lang='lat' dir='ltr'>hoc</span> <span class='ocrx_word' id='word_1_179' title='bbox 350 1806 627 1840; x_wconf 88' lang='lat' dir='ltr'>sacramento</span> <span class='ocrx_word' id='word_1_180' title='bbox 659 1800 953 1852; x_wconf 86' lang='lat' dir='ltr'>suscipiendo,</span> <span class='ocrx_word' id='word_1_181' title='bbox 975 1800 1220 1841; x_wconf 90' lang='lat' dir='ltr'>dummodo</span> <span class='ocrx_word' id='word_1_182' title='bbox 1243 1801 1351 1842; x_wconf 89' lang='lat' dir='ltr'>illud</span> <span class='ocrx_word' id='word_1_183' title='bbox 1383 1804 1570 1846; x_wconf 87' lang='lat' dir='ltr'>voluerit</span> 
     </span>
     <span class='ocr_line' id='line_1_27' title="bbox 168 1866 1566 1921; baseline 0.004 -14"><span class='ocrx_word' id='word_1_184' title='bbox 168 1867 380 1920; x_wconf 79' lang='lat' dir='ltr'><em>implicite,</em></span> <span class='ocrx_word' id='word_1_185' title='bbox 403 1881 482 1920; x_wconf 73' lang='lat' dir='ltr'>vg.</span> <span class='ocrx_word' id='word_1_186' title='bbox 505 1867 541 1907; x_wconf 90' lang='lat' dir='ltr'>si</span> <span class='ocrx_word' id='word_1_187' title='bbox 563 1880 758 1920; x_wconf 88' lang='lat' dir='ltr'>unquam</span> <span class='ocrx_word' id='word_1_188' title='bbox 783 1867 821 1906; x_wconf 92' lang='lat' dir='ltr'>ei</span> <span class='ocrx_word' id='word_1_189' title='bbox 843 1866 973 1907; x_wconf 87' lang='lat' dir='ltr'>fuerit</span> <span class='ocrx_word' id='word_1_190' title='bbox 1003 1868 1206 1909; x_wconf 85' lang='lat' dir='ltr'>voluntas</span> <span class='ocrx_word' id='word_1_191' title='bbox 1228 1871 1454 1921; x_wconf 87' lang='lat' dir='ltr'>generalis,</span> <span class='ocrx_word' id='word_1_192' title='bbox 1478 1886 1566 1913; x_wconf 92' lang='lat' dir='ltr'>non</span> 
     </span>
     <span class='ocr_line' id='line_1_28' title="bbox 169 1935 1566 1991; baseline 0.004 -15"><span class='ocrx_word' id='word_1_193' title='bbox 169 1942 324 1989; x_wconf 88' lang='lat' dir='ltr'>postea</span> <span class='ocrx_word' id='word_1_194' title='bbox 364 1941 579 1983; x_wconf 87' lang='lat' dir='ltr'>revocata,</span> <span class='ocrx_word' id='word_1_195' title='bbox 614 1940 890 1975; x_wconf 87' lang='lat' dir='ltr'>sacramenta</span> <span class='ocrx_word' id='word_1_196' title='bbox 932 1935 1142 1976; x_wconf 84' lang='lat' dir='ltr'>ecclesiae</span> <span class='ocrx_word' id='word_1_197' title='bbox 1179 1943 1380 1991; x_wconf 90' lang='lat' dir='ltr'>tempore</span> <span class='ocrx_word' id='word_1_198' title='bbox 1413 1941 1566 1982; x_wconf 89' lang='lat' dir='ltr'>debito</span> 
     </span>
     <span class='ocr_line' id='line_1_29' title="bbox 170 2002 1567 2058; baseline 0.005 -15"><span class='ocrx_word' id='word_1_199' title='bbox 170 2003 448 2056; x_wconf 84' lang='lat' dir='ltr'>suscipiendi,</span> <span class='ocrx_word' id='word_1_200' title='bbox 484 2002 688 2043; x_wconf 86' lang='lat' dir='ltr'>voluntas</span> <span class='ocrx_word' id='word_1_201' title='bbox 724 2002 912 2052; x_wconf 87' lang='lat' dir='ltr'>vivendi,</span> <span class='ocrx_word' id='word_1_202' title='bbox 950 2009 1026 2044; x_wconf 88' lang='lat' dir='ltr'>aut</span> <span class='ocrx_word' id='word_1_203' title='bbox 1059 2004 1215 2044; x_wconf 83' lang='lat' dir='ltr'>saltem</span> <span class='ocrx_word' id='word_1_204' title='bbox 1250 2007 1477 2058; x_wconf 88' lang='lat' dir='ltr'>moriendi,</span> <span class='ocrx_word' id='word_1_205' title='bbox 1518 2016 1567 2051; x_wconf 84' lang='lat' dir='ltr'>ut</span> 
     </span>
     <span class='ocr_line' id='line_1_30' title="bbox 170 2067 1088 2123; baseline 0 -12"><span class='ocrx_word' id='word_1_206' title='bbox 170 2072 393 2112; x_wconf 89' lang='lat' dir='ltr'>hominem</span> <span class='ocrx_word' id='word_1_207' title='bbox 415 2070 692 2123; x_wconf 84' lang='lat' dir='ltr'>baptizatum</span> <span class='ocrx_word' id='word_1_208' title='bbox 715 2067 873 2119; x_wconf 83' lang='lat' dir='ltr'>decet,2</span> <span class='ocrx_word' id='word_1_209' title='bbox 894 2076 986 2119; x_wconf 70' lang='lat' dir='ltr'>etc„</span> <span class='ocrx_word' id='word_1_210' title='bbox 1010 2077 1088 2111; x_wconf 92' lang='lat' dir='ltr'>etc.</span> 
     </span>
    </p>

    <p class='ocr_par' dir='ltr' id='par_1_5' title="bbox 167 2138 1569 2333">
     <span class='ocr_line' id='line_1_31' title="bbox 228 2138 1567 2192; baseline 0.004 -13"><span class='ocrx_word' id='word_1_211' title='bbox 228 2141 274 2179; x_wconf 88' lang='lat'>6⁰</span> <span class='ocrx_word' id='word_1_212' title='bbox 294 2139 462 2180; x_wconf 90' lang='lat' dir='ltr'>Verum</span> <span class='ocrx_word' id='word_1_213' title='bbox 486 2152 541 2177; x_wconf 89' lang='lat' dir='ltr'>ne</span> <span class='ocrx_word' id='word_1_214' title='bbox 576 2139 632 2178; x_wconf 90' lang='lat' dir='ltr'>ad</span> <span class='ocrx_word' id='word_1_215' title='bbox 665 2138 996 2190; x_wconf 84' lang='lat' dir='ltr'>suscipiendum</span> <span class='ocrx_word' id='word_1_216' title='bbox 1029 2139 1208 2192; x_wconf 88' lang='lat' dir='ltr'>quidem</span> <span class='ocrx_word' id='word_1_217' title='bbox 1242 2150 1567 2185; x_wconf 86' lang='lat' dir='ltr'>sacramentum</span> 
     </span>
     <span class='ocr_line' id='line_1_32' title="bbox 173 2206 1568 2259; baseline 0.004 -12"><span class='ocrx_word' id='word_1_218' title='bbox 173 2206 334 2248; x_wconf 81' lang='lat' dir='ltr'>sufficit</span> <span class='ocrx_word' id='word_1_219' title='bbox 356 2206 485 2255; x_wconf 87' lang='lat' dir='ltr'>istud,</span> <span class='ocrx_word' id='word_1_220' title='bbox 508 2207 626 2258; x_wconf 91' lang='lat' dir='ltr'>quod</span> <span class='ocrx_word' id='word_1_221' title='bbox 646 2220 777 2259; x_wconf 86' lang='lat' dir='ltr'>supra</span> <span class='ocrx_word' id='word_1_222' title='bbox 799 2206 1099 2259; x_wconf 83' lang='lat' dir='ltr'>exposuimus,</span> <span class='ocrx_word' id='word_1_223' title='bbox 1121 2208 1416 2250; x_wconf 89' lang='lat' dir='ltr'>voluntarium</span> <span class='ocrx_word' id='word_1_224' title='bbox 1440 2211 1568 2253; x_wconf 79' lang='lat' dir='ltr'><em>inter-</em></span> 
     </span>
     <span class='ocr_line' id='line_1_33' title="bbox 167 2271 1569 2333; baseline 0.004 -18"><span class='ocrx_word' id='word_1_225' title='bbox 167 2275 435 2327; x_wconf 72' lang='lat' dir='ltr'><em>pretativum</em></span> <span class='ocrx_word' id='word_1_226' title='bbox 456 2275 806 2315; x_wconf 81' lang='lat' dir='ltr'><em>conditionatum.</em></span> <span class='ocrx_word' id='word_1_227' title='bbox 868 2271 920 2314; x_wconf 92' lang='lat' dir='ltr'>Id</span> <span class='ocrx_word' id='word_1_228' title='bbox 954 2275 1134 2327; x_wconf 84' lang='lat' dir='ltr'>quidem</span> <span class='ocrx_word' id='word_1_229' title='bbox 1152 2276 1403 2330; x_wconf 83' lang='lat' dir='ltr'>aliquando,</span> <span class='ocrx_word' id='word_1_230' title='bbox 1424 2294 1500 2333; x_wconf 87' lang='lat' dir='ltr'>v.g.</span> <span class='ocrx_word' id='word_1_231' title='bbox 1525 2281 1569 2321; x_wconf 89' lang='lat' dir='ltr'>in</span> 
     </span>
    </p>
   </div>
   <div class='ocr_carea' id='block_1_3' title="bbox 220 2355 1462 2368">
    <p class='ocr_par' dir='ltr' id='par_1_6' title="bbox 220 2355 1462 2368">
     <span class='ocr_line' id='line_1_34' title="bbox 220 2355 1462 2368; baseline 0 0"><span class='ocrx_word' id='word_1_232' title='bbox 220 2355 1462 2368; x_wconf 95' lang='lat' dir='ltr'> </span> 
     </span>
    </p>
   </div>
   <div class='ocr_carea' id='block_1_4' title="bbox 174 2395 1566 2470">
    <p class='ocr_par' dir='ltr' id='par_1_7' title="bbox 174 2395 1566 2470">
     <span class='ocr_line' id='line_1_35' title="bbox 174 2395 1566 2470; baseline 0.005 -44"><span class='ocrx_word' id='word_1_233' title='bbox 174 2440 199 2470; x_wconf 75' lang='lat' dir='ltr'>P</span> <span class='ocrx_word' id='word_1_234' title='bbox 215 2397 356 2446; x_wconf 58' lang='lat' dir='ltr'>‘De..hi⁵</span> <span class='ocrx_word' id='word_1_235' title='bbox 382 2396 455 2470; x_wconf 56' lang='lat' dir='ltr'>vidg</span> <span class='ocrx_word' id='word_1_236' title='bbox 476 2395 574 2434; x_wconf 82' lang='lat' dir='ltr'>Viva,</span> <span class='ocrx_word' id='word_1_237' title='bbox 606 2396 722 2436; x_wconf 79' lang='lat' dir='ltr'><em>Opusc.</em></span> <span class='ocrx_word' id='word_1_238' title='bbox 749 2396 871 2426; x_wconf 87' lang='lat' dir='ltr'><em>Moral.</em></span> <span class='ocrx_word' id='word_1_239' title='bbox 892 2396 932 2433; x_wconf 85' lang='lat' dir='ltr'>I.‚</span> <span class='ocrx_word' id='word_1_240' title='bbox 954 2396 1091 2436; x_wconf 82' lang='lat' dir='ltr'>Quaest.</span> <span class='ocrx_word' id='word_1_241' title='bbox 1110 2397 1137 2427; x_wconf 92' lang='lat' dir='ltr'>I.</span> <span class='ocrx_word' id='word_1_242' title='bbox 1170 2402 1230 2428; x_wconf 85' lang='lat' dir='ltr'>art.</span> <span class='ocrx_word' id='word_1_243' title='bbox 1260 2398 1295 2430; x_wconf 89' lang='lat' dir='ltr'>ii.</span> <span class='ocrx_word' id='word_1_244' title='bbox 1326 2410 1356 2431; x_wconf 90' lang='lat' dir='ltr'>n.</span> <span class='ocrx_word' id='word_1_245' title='bbox 1387 2407 1426 2440; x_wconf 86' lang='lat'>5;</span> <span class='ocrx_word' id='word_1_246' title='bbox 1463 2401 1566 2442; x_wconf 91' lang='lat' dir='ltr'>Gury,</span> 
     </span>
     <span class='ocr_line' id='line_1_36' title="bbox 201 2446 467 2470; baseline 0 0"><span class='ocrx_word' id='word_1_247' title='bbox 201 2446 263 2470; x_wconf 83' lang='lat' dir='ltr'>art.</span> <span class='ocrx_word' id='word_1_248' title='bbox 285 2451 320 2470; x_wconf 86' lang='lat'>11.</span> <span class='ocrx_word' id='word_1_249' title='bbox 338 2451 372 2470; x_wconf 89' lang='lat' dir='ltr'>n.</span> <span class='ocrx_word' id='word_1_250' title='bbox 392 2448 432 2470; x_wconf 92' lang='lat'>22</span> <span class='ocrx_word' id='word_1_251' title='bbox 460 2463 467 2470; x_wconf 84' lang='lat'>.</span> 
     </span>
    </p>
   </div>
   <div class='ocr_carea' id='block_1_5' title="bbox 174 2480 1566 2566">
    <p class='ocr_par' dir='ltr' id='par_1_8' title="bbox 174 2480 1566 2566">
     <span class='ocr_line' id='line_1_37' title="bbox 214 2480 1566 2525; baseline 0.004 -13"><span class='ocrx_word' id='word_1_252' title='bbox 214 2483 315 2513; x_wconf 81' lang='lat' dir='ltr'>2Vid.</span> <span class='ocrx_word' id='word_1_253' title='bbox 335 2483 439 2523; x_wconf 82' lang='lat' dir='ltr'>Gury,</span> <span class='ocrx_word' id='word_1_254' title='bbox 459 2482 541 2513; x_wconf 89' lang='lat' dir='ltr'>ibid.</span> <span class='ocrx_word' id='word_1_255' title='bbox 560 2492 594 2513; x_wconf 88' lang='lat' dir='ltr'>n.</span> <span class='ocrx_word' id='word_1_256' title='bbox 620 2490 683 2522; x_wconf 87' lang='lat'>230</span> <span class='ocrx_word' id='word_1_257' title='bbox 707 2480 795 2521; x_wconf 73' lang='lat'>(40);</span> <span class='ocrx_word' id='word_1_258' title='bbox 823 2481 944 2520; x_wconf 83' lang='lat' dir='ltr'>Haine,</span> <span class='ocrx_word' id='word_1_259' title='bbox 978 2482 1127 2523; x_wconf 70' lang='lat' dir='ltr'><em>princip.</em></span> <span class='ocrx_word' id='word_1_260' title='bbox 1167 2484 1271 2516; x_wconf 72' lang='lat' dir='ltr'><em>Theol.</em></span> <span class='ocrx_word' id='word_1_261' title='bbox 1299 2486 1566 2525; x_wconf 70' lang='lat' dir='ltr'>Sacramentalfs,</span> 
     </span>
     <span class='ocr_line' id='line_1_38' title="bbox 174 2524 843 2566; baseline 0 -10"><span class='ocrx_word' id='word_1_262' title='bbox 174 2526 259 2566; x_wconf 85' lang='lat' dir='ltr'>Cap.</span> <span class='ocrx_word' id='word_1_263' title='bbox 278 2525 311 2556; x_wconf 89' lang='lat'>6.</span> <span class='ocrx_word' id='word_1_264' title='bbox 331 2526 411 2557; x_wconf 85' lang='lat' dir='ltr'>dub.</span> <span class='ocrx_word' id='word_1_265' title='bbox 431 2534 461 2565; x_wconf 87' lang='lat'>3.</span> <span class='ocrx_word' id='word_1_266' title='bbox 482 2526 584 2566; x_wconf 82' lang='lat' dir='ltr'>Resp.</span> <span class='ocrx_word' id='word_1_267' title='bbox 603 2524 638 2555; x_wconf 90' lang='lat' dir='ltr'>ii.</span> <span class='ocrx_word' id='word_1_268' title='bbox 657 2525 775 2556; x_wconf 85' lang='lat' dir='ltr'>resolv.</span> <span class='ocrx_word' id='word_1_269' title='bbox 794 2524 843 2556; x_wconf 87' lang='lat'>60.</span> 
     </span>
    </p>
   </div>
  </div>
 </body>
</html>
