1716 2729
149 55 189 81 n.
213 41 298 94 29]
604 42 654 82 de
675 41 858 82 Actibus
877 41 1114 81 Humanis.
1475 41 1556 92 187

145 162 309 210 stupra,
332 157 622 211 blasphemia,
644 157 713 198 vel
735 163 882 198 cetera
904 157 1024 205 talia,
1046 157 1144 210 quis
1167 163 1234 196 est
1257 156 1331 208 qui
1365 156 1483 196 dicat
1506 169 1559 196 ea

149 239 244 265 esse
296 226 509 274 facienda,
560 232 608 266 ut
658 225 726 266 vel
781 232 965 278 peccata
1017 239 1118 271 non,
1159 226 1260 273 sint,
1303 224 1386 270 vel,
1437 224 1557 277 quod

149 294 395 343 absurdius,
425 294 548 347 justa
584 300 769 346 peccata
806 294 925 334 sint?
988 292 1100 346 Quis
1134 299 1201 332 est
1238 294 1313 346 qui
1347 293 1478 343 dicat,
1511 298 1559 332 ut

149 361 393 403 habeamus
454 363 574 415 quod
627 362 784 402 demus
842 362 1124 415 pauperibuS,
1177 359 1390 402 faciamus
1444 360 1560 400 furta

151 433 376 483 divitibus,
401 439 476 473 aut
500 433 757 474 testimonia
790 433 900 473 falsa
929 433 1189 481 vendamus,
1234 461 1244 470 .
1296 464 1304 472 .
1354 432 1451 484 quis
1474 432 1559 472 ista

149 503 269 543 dicat
306 503 387 543 nisi
429 503 503 556 qui
543 516 610 542 res
647 502 879 551 humanas,
911 515 1156 555 omnesque
1193 506 1378 541 conetur
1415 514 1558 540 mores

149 571 358 624 legesque
381 572 635 611 subvertere
650 570 670 586 ''
691 571 705 611 ?

211 650 303 692 525.
339 641 442 682 Huc
474 641 608 694 igitur
639 648 844 694 spectant
874 641 1012 682 verba
1045 640 1089 682 S.
1123 640 1559 681 Thomae:—“Sive

148 711 352 752 voluntas
386 712 443 752 sit
479 711 574 764 ejus
612 713 732 765 quod
769 719 835 753 est
868 711 1100 753 secundum
1131 725 1174 751 se
1204 711 1381 759 malum,
1405 716 1448 750 et
1479 710 1558 750 snb

148 779 314 820 ratione
353 780 460 829 boni,
501 781 593 820 sive
634 781 691 820 sit
733 781 839 821 boni
882 781 965 821 sub
1007 781 1180 821 ratione
1225 779 1340 828 mali,
1382 792 1559 832 semper

146 848 351 889 voluntas
374 849 455 890 erit
479 847 650 889 malaff’l

207 917 299 968 526.
336 917 420 958 His
455 925 605 959 tamen
640 918 774 971 objici
811 925 1000 972 possunt
1021 918 1156 958 verba
1181 917 1346 958 Christi
1371 916 1555 956 Domini

148 988 308 1042 (Matr,
331 989 387 1029 vi.
412 991 495 1042 22.)
522 995 570 1030 ut
602 1003 736 1043 supra
769 1003 808 1028 n.
836 998 927 1040 504.
952 989 1116 1029 citata:
1150 991 1170 1007 “
1190 987 1237 1029 Si
1270 986 1422 1027 oculus
1455 994 1557 1028 tuus

145 1056 276 1097 suerit
290 1057 495 1111 simplex,
511 1064 656 1100 totum
677 1071 835 1111 corpus
853 1064 977 1097 tuum
999 1057 1194 1097 lucidum
1220 1055 1336 1098 e1·it.’'
1381 1055 1555 1096 Ibidem

146 1126 263 1166 enim
286 1125 455 1166 dictum
480 1132 545 1166 est
567 1126 745 1166 oculum
768 1125 838 1165 hic
860 1125 1108 1179 significare
1131 1126 1424 1166 intentionem
1448 1124 1560 1174 finis,

141 1199 277 1246 atque
309 1207 468 1248 corpus
501 1194 749 1247 significare
800 1195 1020 1235 actionem
1064 1194 1179 1235 illius
1222 1195 1296 1248 qui
1333 1194 1391 1234 ob
1423 1193 1557 1233 finem

141 1274 375 1321 operatur:
409 1268 444 1308 si
479 1283 583 1321 ergo
618 1268 716 1308 finis
750 1275 816 1308 est
857 1269 1012 1317 bonus,
1049 1269 1222 1309 videtur
1255 1269 1418 1309 bonam
1461 1282 1559 1308 esse

139 1336 361 1378 actionem
381 1342 538 1378 totam.

203 1414 294 1456 527.
331 1405 714 1459 Respondendum
738 1415 804 1445 θεῖ
828 1406 1050 1446 actionem
1083 1406 1238 1458 utique
1259 1405 1425 1445 bonam
1449 1418 1559 1454 esse,

141 1473 296 1526 sifim's
319 1474 497 1514 intentio
521 1475 663 1526 reipsa
685 1473 800 1514 bona
824 1474 904 1515 sit:
928 1487 1071 1528 neque
1088 1481 1236 1515 tamen
1257 1475 1376 1514 bona
1390 1472 1556 1513 censeri

140 1541 276 1582 debet
319 1542 500 1595 quaevis
543 1542 733 1583 intentio
784 1542 889 1583 boni
932 1542 1031 1583 finis
1074 1542 1351 1596 assequendi.
1414 1540 1554 1582 Aliud

142 1609 260 1650 enim
283 1610 510 1664 estfim's,·
545 1610 666 1651 aliud
686 1611 802 1665 finis
833 1611 1026 1662 intentio,
1052 1625 1127 1651 seu
1152 1610 1397 1651 voluntatis
1429 1616 1554 1650 actus

142 1692 231 1732 quo
268 1693 405 1732 agens
443 1679 537 1719 vult
581 1679 714 1719 finem
759 1679 991 1733 attingere.
1055 1679 1281 1733 Quoniam
1325 1679 1470 1732 igitur,
1506 1684 1555 1718 ut

141 1760 274 1800 supra
296 1761 335 1788 n.
362 1756 452 1799 523.
478 1748 735 1800 expositum
759 1754 837 1796 est,
858 1749 929 1788 hic
952 1762 1040 1789 non
1064 1748 1210 1801 agitur
1231 1749 1286 1788 de
1309 1747 1555 1788 intentione

141 1829 255 1869 quae
295 1815 494 1856 eliciatur
526 1831 605 1870 per
637 1822 786 1857 actum
810 1817 1033 1858 diversum
1069 1818 1125 1857 ab
1158 1831 1210 1857 eo
1243 1831 1333 1870 quo
1365 1816 1559 1870 eligatur

142 1884 340 1924 medium
375 1884 692 1933 adhibendum,
728 1886 804 1925 sed
838 1886 894 1925 de
926 1899 1014 1926 uno
1047 1885 1296 1938 eodemque
1330 1891 1431 1926 actu
1464 1899 1553 1938 quo

142 1952 355 1993 statuitur
386 1952 518 1992 finem
553 1953 865 2006 attingendum
900 1968 997 1994 esse
1028 1968 1114 2008 ope
1138 1954 1271 1994 medii
1307 1954 1422 2002 mali,
1445 1954 1554 1993 satis

141 2029 266 2077 patet
299 2024 591 2064 intentionem
624 2026 679 2065 de
711 2039 800 2079 qua
829 2025 900 2066 hic
932 2031 1092 2079 agatur
1114 2039 1201 2066 non
1234 2039 1364 2078 posse
1386 2025 1551 2065 bonam

141 2095 336 2144 censeri,
369 2095 528 2134 rationi
565 2095 684 2135 enim
722 2101 868 2135 rectae
904 2095 1037 2148 plane
1075 2095 1295 2136 difformis
1327 2101 1394 2135 est
1425 2101 1551 2135 actus

141 2177 231 2216 quo
263 2162 372 2211 finis,
395 2163 683 2215 quantumvis
716 2178 773 2203 ex
806 2178 852 2204 se
883 2164 1039 2213 bonus,
1073 2163 1300 2217 appetitur
1330 2177 1416 2216 ope
1447 2163 1551 2203 mali

141 2231 277 2271 medii
299 2230 783 2285 attingendus.2—Quo
806 2246 935 2272 sensu
961 2233 1021 2272 ait
1045 2232 1087 2273 S.
1113 2232 1361 2272 Bernardus
1380 2231 1405 2266 :³
1446 2234 1466 2251 “
1487 2231 1552 2272 Ut

185 2341 197 2361 1
214 2341 367 2378 Summa,
391 2350 420 2371 1.
436 2349 466 2371 2.
487 2341 623 2380 Qunest.
651 2350 700 2380 19.
719 2348 781 2372 art.
802 2348 832 2380 7.
851 2342 891 2371 ad
909 2349 939 2381 3.

184 2385 197 2404 '2
216 2384 295 2415 Vid.
315 2384 442 2421 Alasia,
469 2385 526 2414 Tr.
545 2384 581 2415 de
598 2385 674 2415 Act.
696 2386 876 2416 Humanis.
897 2385 990 2415 Diss.
1014 2393 1042 2415 1.
1061 2395 1136 2426 cap.
1155 2396 1187 2415 v.
1206 2390 1267 2415 art.
1286 2393 1316 2414 2.
1336 2386 1352 2422 ξ
1370 2385 1412 2414 iv.
1430 2395 1464 2415 n.
1487 2393 1521 2416 11
1539 2393 1547 2421 ;

142 2428 296 2465 Binum-t,
331 2429 385 2459 Tr.
407 2427 444 2458 de
471 2428 543 2458 Acl.
563 2428 750 2466 Humanis,
771 2428 859 2459 Diss.
884 2438 916 2467 4.
935 2434 995 2459 art.
1017 2428 1063 2458 iii.
1086 2427 1098 2468 ξ
1118 2437 1155 2469 3:
1182 2429 1303 2465 Collet,
1334 2429 1389 2458 Tr.
1412 2428 1450 2458 de
1473 2429 1549 2459 Act.

140 2472 324 2507 Humanis,
344 2472 429 2511 Cap.
447 2471 488 2500 iv.
502 2481 535 2501 n.
559 2470 632 2502 116.

183 2515 197 2534 ³
213 2515 291 2545 Lib.
307 2524 336 2553 1,
355 2516 407 2546 De
421 2515 585 2555 Praecept.
608 2518 638 2544 et
658 2514 826 2555 Dz'spens..
843 2525 916 2555 cap.
937 2523 986 2552 14.
