1716 2729
125 120 196 146 nn.
222 107 287 155 28,
311 104 393 158 29]
563 103 615 145 de
633 105 819 146 Actibus
839 104 1079 146 Humanis.
1348 134 1351 138 -
1466 116 1538 159 175

182 223 282 273 487.
318 220 478 274 Itaque
516 219 579 273 (a)
604 219 639 260 si
671 219 771 260 finis
795 227 862 261 est
899 220 1042 268 bonus,
1065 226 1115 261 ut
1137 234 1220 273 vg.
1253 221 1288 261 si
1326 222 1424 274 quis
1457 223 1540 264 iter

126 290 306 344 arripiat
327 295 376 330 ut
396 289 514 329 viam
537 289 770 342 peregrino
792 288 989 335 ῐτιόίθθῖ,1
1005 295 1131 330 aetus
1155 296 1220 330 est
1242 290 1385 331 bonus
1404 306 1413 342 ;
1435 292 1541 344 quia

122 358 284 399 saltem
301 372 359 398 ex
382 357 468 397 fine
489 363 557 397 est
571 356 733 409 regulis
758 371 932 398 morum
954 357 1144 410 positive
1161 357 1400 399 conformis
1421 376 1428 400 :
1454 374 1543 400 non

123 433 276 467 tamen
309 426 396 466 alia
433 425 472 465 ei
494 425 609 465 inest
631 424 808 466 bonitas
846 425 928 466 nisi
962 439 1076 479 quae
1108 439 1166 465 ex
1189 425 1275 466 fine
1307 428 1541 479 provenit;

125 495 230 548 quia
272 508 329 535 ex
371 493 454 533 hac
497 492 591 533 sola
633 493 804 534 ratione
850 494 1042 548 positive
1092 494 1332 536 conformis
1380 497 1542 549 regulis

125 578 302 605 morum
319 569 400 604 est.

182 642 281 692 488.
316 640 369 680 In
391 637 647 691 hujusmodi
670 644 785 688 actu,
808 639 921 680 sicut
944 653 1078 692 supra
1110 640 1166 680 de
1197 639 1544 681 circumstantiis

125 705 409 757 notavimus,2
429 707 590 748 dicitur
603 706 702 747 finis
727 707 902 760 ingredi
930 707 1144 748 rationem
1164 707 1312 761 objecti
1329 708 1522 749 moralis.

184 780 282 830 489.
317 778 357 818 E
389 776 612 817 contrario
648 774 707 829 (b)
747 776 783 816 si
820 775 920 816 finis
958 782 1025 817 est
1061 776 1214 824 malus,
1251 789 1349 829 v.g.,
1370 783 1419 817 ut
1451 790 1542 817 rem

126 847 318 887 illustrat
341 842 497 897 Gury,3
517 845 550 884 si
574 844 673 898 quis
711 850 843 885 canat
866 850 915 885 ut
937 844 1063 885 alteri
1096 844 1348 885 molestiam
1370 845 1544 894 inferat,

124 916 296 956 ratione
312 914 532 955 contraria
553 913 804 954 ostenditur
825 918 975 954 actum
998 914 1060 953 sic
1091 913 1183 954 fieri
1208 913 1387 964 malum,
1409 920 1545 967 atque

125 984 188 1024 ita
209 983 390 1036 quidem
413 987 462 1022 ut
483 981 593 1022 haec
611 980 706 1021 sola
729 981 768 1021 ei
785 982 1022 1022 conveniat
1040 981 1222 1031 malitia,
1240 995 1355 1034 quae
1377 996 1435 1022 ex
1459 982 1545 1023 fine

123 1051 511 1105 provenit—Huc
551 1049 686 1102 igitur
727 1063 907 1103 quoque
948 1056 1155 1104 spectant
1200 1063 1253 1090 ea
1286 1063 1402 1103 quae
1448 1051 1542 1103 jam

124 1134 166 1162 n.
189 1121 285 1172 458.
309 1125 466 1160 notata
489 1124 607 1159 sunt.

183 1199 282 1240 490.
308 1187 517 1240 Denique
540 1188 592 1238 (c)
616 1186 653 1227 si
677 1186 775 1227 finis
797 1193 863 1228 est
885 1187 1149 1240 indifferens,
1166 1201 1249 1240 v.g.
1269 1187 1305 1227 si
1327 1187 1371 1228 in
1394 1201 1447 1228 eo
1469 1188 1544 1242 qui

126 1255 330 1298 ambulat
363 1261 442 1296 aut
477 1255 607 1304 canit,
643 1254 896 1307 indifferens
926 1262 1159 1296 censeatur
1190 1255 1300 1297 haec
1334 1270 1464 1310 agere
1488 1257 1546 1297 ad

126 1325 324 1366 taedium
361 1323 576 1376 temporis
609 1323 915 1374 minuendum,
937 1330 1063 1364 actus
1084 1324 1155 1365 vel
1187 1323 1444 1365 indifferens
1476 1325 1545 1366 vel

127 1394 269 1435 malus
291 1391 538 1433 censendus
560 1398 637 1441 est,
660 1398 791 1445 prout
813 1392 924 1446 quis,
947 1392 991 1432 in
1006 1393 1308 1434 controversia
1330 1393 1444 1434 infra
1465 1407 1545 1433 ex-

127 1462 348 1516 ponenda,
366 1474 467 1501 cum
487 1459 694 1501 Scotistis
712 1466 857 1514 neget,
872 1460 942 1501 vel
963 1460 1153 1517 affirmet
1168 1475 1269 1502 cum
1285 1461 1544 1512 Thomisfis,

127 1530 355 1571 hominem
406 1529 558 1577 teneri,
611 1529 787 1582 quoties
840 1528 1084 1570 deliberate
1126 1536 1242 1583 agat,
1294 1530 1546 1570 ulteriorem

128 1599 261 1640 finem
298 1598 537 1639 honestum
575 1610 652 1637 seu
691 1597 917 1638 moraliter
958 1598 1127 1639 bonum
1164 1599 1248 1639 sibi
1283 1612 1545 1651 proponere.

127 1667 380 1709 Videantur
401 1665 534 1719 igitur
557 1679 609 1705 ea
643 1679 758 1719 quae
780 1666 837 1707 de
869 1666 1041 1708 actibus
1074 1667 1429 1708 indifferentibus
1453 1667 1548 1709 fuse

131 1734 246 1775 infra
268 1730 583 1788 exponentur.4

185 1814 284 1855 491.
317 1802 510 1856 QUAER.
555 1803 612 1843 20.
659 1801 876 1852 Quomodo
909 1816 960 1842 ex
975 1803 1072 1857 fine
1095 1803 1284 1856 pendeat
1317 1803 1548 1845 moralitas

127 1878 248 1912 actus
267 1885 317 1911 ex
336 1870 486 1924 objecto
507 1876 548 1911 et
567 1870 909 1912 circumstantiis
940 1871 1047 1912 boni
1066 1871 1082 1912 ?

186 1951 283 1992 492.
318 1939 457 1980 RESP.
539 1939 663 1988 Tres,
705 1944 754 1979 ut
804 1939 849 1979 in
901 1939 1046 1993 priore
1096 1940 1370 1993 quaestione,
1421 1954 1548 1983 casus

129 2007 459 2061 distinguendo.

189 2086 288 2128 493.
323 2076 482 2129 Itaque
507 2074 574 2130 (a)
613 2075 647 2116 si
672 2074 770 2115 finis
806 2082 874 2116 est
903 2075 1063 2127 bonus,
1089 2082 1136 2117 ut
1159 2090 1246 2130 v.g.
1269 2077 1304 2117 si
1336 2078 1435 2131 quis
1454 2079 1533 2119 dat

131 2145 464 2198 eleemosynam
507 2146 564 2186 ad
616 2144 985 2186 satisfaciendum
1038 2159 1118 2198 pro
1160 2147 1367 2199 peccatis,
1410 2154 1547 2196 actus,

130 2227 270 2267 quum
303 2213 469 2267 duplici
506 2226 565 2254 ex
597 2214 768 2255 ratione
800 2213 992 2267 positive
1023 2214 1266 2255 conformis
1299 2216 1355 2256 sit
1386 2217 1548 2270 regulis

133 2295 320 2332 morum,
353 2281 578 2335 duplicem
624 2282 726 2323 ideo
767 2282 1016 2323 bonitatem
1059 2282 1211 2333 habet,
1257 2284 1446 2325 alteram
1488 2300 1547 2327 ex

130 2350 310 2404 objecto
351 2357 428 2392 aut
464 2364 522 2391 ex
560 2351 906 2392 circumstantiis
940 2353 1239 2406 desumptam,
1277 2352 1463 2394 alteram
1489 2368 1548 2395 ex

570 2471 584 2493 1
595 2471 674 2503 Vid.
691 2471 793 2513 Gury,
813 2472 904 2504 Part.
919 2472 943 2503 i.
960 2483 997 2505 n.
1011 2480 1064 2512 29,
1083 2473 1129 2512 40.

570 2514 584 2535 2
598 2515 677 2546 Vid.
694 2525 804 2557 supra,
825 2526 857 2546 n.
874 2515 951 2557 458.

572 2558 585 2579 3
602 2558 691 2590 Ibid.

572 2601 585 2622 ⁴
607 2601 681 2633 vid.
698 2602 797 2641 infra,
813 2612 870 2633 nn.
888 2600 951 2643 588
968 2607 1000 2634 et
1018 2612 1088 2643 seq.
