1716 2729
102 132 177 160 nn.
207 114 372 169 15—17.]
582 109 629 150 de
654 106 834 150 Actibus
854 103 1095 144 Humanis.
1436 104 1514 146 117

106 233 272 274 malum
307 244 392 271 non
416 224 686 270 consenserit
707 222 789 262 nisi
811 220 933 274 gravi
948 218 1153 272 passione
1174 215 1242 256 vel
1266 212 1512 255 tentatione

105 303 272 343 victus:
295 297 425 352 quale
447 300 677 349 peccatum
702 287 980 343 infirmitatis
1001 285 1285 338 potiusquam
1317 279 1514 321 malitiae

107 383 202 411 esse
224 362 605 408 censetur.¹—Vix
628 370 825 411 unquam
863 361 1014 396 tamen
1051 352 1197 392 evenit
1229 358 1276 390 ut
1308 346 1515 399 concupi-

108 438 287 485 scentia,
302 435 383 475 nisi
397 430 669 487 gravissima
689 427 821 480 (quae
841 422 1060 464 rarissime
1078 420 1234 472 adest),
1254 419 1315 458 ita
1337 415 1518 457 rationis

108 518 236 547 usum
287 501 515 556 perturbet
567 503 616 538 ut
667 498 912 548 peccatum,
954 488 1151 541 alioquin
1201 486 1400 534 mortale,
1440 483 1520 523 fiat

108 579 282 616 tantum
304 569 488 612 veniale.

167 645 211 683 2⁰
244 639 435 681 Facilius
477 633 674 677 concedi*
701 629 867 671 debent
917 625 1274 678 dispensationes
1314 626 1520 662 votorum

110 724 223 765 quae
245 707 450 763 passione
467 702 725 757 impellente
748 697 910 738 emissa
931 700 1034 736 sunt
1055 709 1062 734 :
1086 693 1190 746 quia
1205 691 1350 732 minus
1367 687 1522 729 volun-

110 779 223 820 taria
243 782 347 818 sunt
368 780 473 815 vota
505 768 725 824 ejusmodi
747 781 755 817 ;
790 769 1060 818 quapropter
1082 775 1171 802 non
1204 760 1337 801 debet
1369 768 1521 797 eorum

112 846 327 900 obligatio
348 850 440 884 tam
465 841 616 882 stricte
638 832 812 890 urgeri.2

171 958 264 1000 303.
299 946 402 987 AA.
425 943 620 997 quidam,
641 952 725 992 vg.
751 935 902 990 Gury,3
924 936 994 976 hic
1017 934 1238 988 quaedam
1262 929 1444 971 tradunt
1466 926 1522 966 de

113 1012 472 1070 concupiscentia
523 1014 742 1063 quatenus
794 1004 878 1046 hae
927 1017 1035 1045 voce
1087 1000 1344 1053 designatur
1382 997 1528 1049 fomes

104 1085 276 1141 peccati,
301 1096 377 1124 seu
410 1092 547 1135 prava
580 1077 664 1116 ista
699 1073 834 1114 animi
867 1071 1094 1113 inclinatio
1127 1081 1261 1122 quam
1288 1064 1527 1118 respiciunt

114 1157 249 1197 verba
291 1148 502 1206 Apostoli
553 1158 686 1198 supra
729 1144 786 1196 (n.
827 1142 942 1196 286.)
985 1142 1131 1183 citata.
1214 1136 1280 1176 At
1322 1147 1438 1183 ver0‚
1479 1137 1528 1172 ut

118 1219 432 1267 animadvertit
464 1217 510 1257 P.
534 1209 772 1262 Ballerini‚4
795 1213 916 1253 locus
940 1210 995 1250 de
1026 1209 1093 1249 his
1127 1203 1386 1259 disputandi
1410 1214 1529 1242 corn·

120 1293 322 1340 muniter,
373 1294 416 1329 et
467 1284 647 1339 quidem
694 1282 864 1330 merito,
907 1280 950 1319 in
993 1279 1209 1318 Tractatu
1251 1274 1302 1314 de
1345 1269 1533 1311 peccatis

121 1361 341 1403 invenitur
363 1373 372 1409 ;
403 1368 491 1396 non
515 1352 632 1393 enim
656 1350 879 1405 pertinent
901 1349 957 1389 ad
990 1346 1297 1400 quaestionem
1326 1352 1530 1396 praesen-

121 1438 226 1478 tem,
266 1440 380 1481 quae
420 1427 618 1465 versatur
649 1424 824 1460 tantum
862 1418 917 1458 de
959 1416 1010 1456 iis
1052 1427 1166 1468 quae
1209 1411 1414 1452 minuunt
1456 1412 1533 1448 aut

117 1498 281 1540 tollunt
302 1491 612 1536 voluntarium.

661 1594 674 1636 ,ξ
702 1599 736 1639 3.
774 1586 840 1626 De
860 1584 996 1624 Metu.

184 1691 275 1732 304.
309 1673 793 1721 Definitio—Metus
843 1670 886 1709 in
929 1668 1025 1719 jure
1067 1664 1183 1705 civili
1226 1660 1434 1702 definitur
1471 1657 1536 1697 in-

119 1747 282 1790 stantis
313 1745 380 1786 vel
396 1743 555 1798 futuri
577 1740 765 1796 periculi
792 1751 922 1779 cansa
954 1734 1108 1776 mentis
1139 1728 1367 1784 trepidatio
1382 1726 1414 1770 :5
1443 1726 1537 1767 aliis

126 1817 269 1858 verbis
293 1820 359 1855 est
381 1812 537 1854 montis
558 1808 786 1864 trepidatio
817 1811 963 1847 exorta
994 1817 1046 1844 ex
1075 1798 1400 1854 apprehensione
1430 1794 1542 1836 mali

1093 1872 1103 1888 θ

128 1884 332 1926 instantis
362 1880 606 1934 volfnturi.

188 1964 281 2007 305.
315 1952 385 1992 De
406 1964 496 2004 qua
518 1947 776 1990 definitione
799 1944 883 1983 hoc
907 1953 1044 1981 unum
1069 1939 1257 1978 fortasse
1289 1933 1538 1975 notandum

130 2031 210 2074 est,
234 2023 304 2064 hic
327 2022 398 2075 agi
423 2032 511 2060 non
534 2017 677 2058 solum
702 2013 767 2067 (a)
801 2014 858 2053 de
880 2024 932 2051 ea
963 2006 1264 2060 trepidatione
1286 2016 1374 2056 qua
1405 1999 1541 2041 animi

130 2093 365 2136 facultates
386 2088 712 2144 perturbentur,
734 2083 847 2123 adeo
880 2086 929 2120 ut
950 2081 999 2127 is,
1021 2076 1096 2130 qui
1130 2080 1299 2115 metum
1335 2071 1542 2125 patiatur,

131 2163 201 2204 vel
223 2160 404 2201 omnino
424 2157 493 2198 vel
516 2155 796 2207 aliquatenus
830 2151 1023 2201 incapax
1046 2146 1124 2186 fiat
1156 2142 1360 2185 eliciendi
1393 2146 1542 2180 actum

132 2233 390 2276 humanum,
411 2226 488 2266 sed
511 2225 688 2276 insuper
710 2219 769 2270 (b)
803 2219 858 2258 de
882 2231 933 2257 ea
964 2229 1052 2268 qua
1074 2213 1220 2255 solent
1251 2209 1453 2251 homines
1485 2204 1543 2246 ob

180 2363 186 2381 ¹
209 2361 284 2391 Vid.
316 2359 452 2400 Sporer,
479 2356 590 2386 Tract.
625 2361 652 2384 1.
681 2361 754 2392 cap.
782 2349 818 2380 ii.
845 2359 880 2379 n.
905 2348 965 2387 64;
995 2347 1185 2387 Laymann,
1217 2343 1293 2374 Lib.
1324 2350 1352 2372 1.
1379 2344 1474 2370 tract.
1510 2337 1545 2369 ii.

134 2410 405 2481 cagxyiht'rffiva,
427 2443 542 2483 Opusc.
564 2439 667 2472 leeol.
687 2438 811 2469 Alloral.
829 2436 874 2472 J.‚
895 2436 1032 2475 Quaest.
1053 2431 1082 2464 8.
1104 2437 1166 2464 art.
1192 2431 1213 2461 i.
1237 2440 1271 2460 n.
1291 2436 1323 2469 3.

180 2487 192 2503 ³
209 2491 288 2521 Vid.
307 2488 399 2528 Gury
426 2486 504 2525 (Ed.
522 2483 650 2524 Rom.)‚
670 2482 761 2512 Part.
780 2479 803 2510 i.
821 2490 856 2510 n.
875 2479 924 2510 16.

212 2534 300 2571 Ibid,
321 2535 407 2564 nota.

181 2578 194 2597 5
212 2579 251 2609 L.
274 2585 302 2608 Ι.
316 2576 348 2607 ff.
369 2573 463 2614 Quod
476 2576 576 2603 metus
592 2581 702 2602 causa.
