1716 2729
127 56 169 83 n.
193 41 254 98 7.]
543 42 594 84 de
611 42 792 83 Actibus
813 42 1049 93 Humanis.
1462 55 1518 96 39

127 158 270 209 putari
297 172 360 207 ea,
389 170 575 211 quorum
621 157 788 197 nullam
838 157 1019 198 omnino
1069 156 1270 198 habuerit
1314 159 1515 199 notitiam

125 238 268 279 neque
303 225 620 268 advertentiam
654 223 783 265 ullius
818 224 989 276 generis
1021 223 1250 274 actualem,
1273 225 1516 266 dummodo

126 294 290 334 scilicet
303 294 493 346 potuerit
522 306 572 332 ac
598 291 790 332 debuerit
829 291 947 332 illam
991 292 1168 333 habere.
1229 293 1329 333 Vid.
1371 307 1514 346 supra,

128 374 198 401 nn.
221 373 290 412 42,
312 373 382 412 94.

191 437 287 484 105..
313 428 444 469 Istius
467 428 712 468 sententiae
743 428 832 467 duo
863 434 965 468 sunt
996 427 1168 480 capita:
1200 441 1387 480 quorum
1410 429 1517 469 alte·

125 509 219 537 rum
234 498 292 548 (a)
305 496 479 549 respicit
495 496 674 535 actiones
690 495 957 543 inhonestas,
967 495 1099 535 etiarn
1118 494 1164 534 in
1179 509 1222 535 se
1236 495 1505 535 voluntarias

126 578 239 618 quae
259 571 407 605 tamen
430 564 714 619 perficiuntur
734 564 827 604 sine
848 563 937 604 ulla
958 563 1118 604 actuali
1152 564 1426 603 advertentia
1456 564 1512 604 in-

126 633 395 674 honestatis:
418 632 603 673 alterum
629 631 688 686 (b)
708 632 883 686 respicit
894 631 1060 684 eff‘ectus
1076 631 1150 684 qui
1174 645 1232 671 ex
1254 631 1396 671 causis
1415 631 1460 671 in
1479 645 1523 671 se

127 699 382 741 voluntariis
398 699 632 753 profluunt,
661 713 772 753 quos
803 705 953 740 tamen
990 705 1216 739 secuturos
1250 713 1344 739 esse
1385 713 1520 752 agens

126 782 213 809 non
235 769 436 809 advertit.
515 767 722 808 Primum
743 767 986 808 illustratur
1009 767 1218 821 exemplo
1240 767 1413 808 illorum
1447 768 1519 820 qui

125 837 330 878 diuturna
350 836 574 890 peccandi,
594 849 675 889 vg.
696 835 1047 889 blasphemandi,
1076 836 1395 876 consuetudine
1427 842 1517 876 tam

125 904 348 945 obcaecati
370 903 552 944 tandem
578 903 784 944 eveniunt
806 908 866 952 ut,
889 903 1167 955 iniquitatem
1199 902 1324 955 quasi
1357 915 1519 955 aquam

128 971 241 1024 (Job,
264 987 335 1013 xv.
377 971 460 1026 16.)
494 971 706 1020 bibentes,
741 972 797 1012 ad
839 971 1054 1011 malitiam
1087 984 1263 1011 suarum
1296 970 1519 1011 actionum

128 1054 352 1094 nunquam
374 1040 607 1081 advertant
626 1054 635 1081 :
666 1040 741 1094 qui
761 1046 925 1088 tamen,
946 1040 1188 1080 secundum
1211 1040 1324 1080 hanc
1346 1045 1521 1080 senten-

126 1109 246 1158 tiam,
269 1108 510 1161 culpabiles
538 1109 582 1148 in
613 1107 831 1160 ejusmodi
867 1108 1000 1148 etiam
1038 1107 1283 1148 actionibus
1315 1107 1521 1147 censendi

125 1182 239 1226 sunt,
272 1177 436 1230 quippe
468 1177 554 1230 qui,
590 1177 672 1217 etsi
709 1189 799 1217 non
829 1177 1065 1217 advertant
1090 1190 1136 1216 se
1159 1189 1350 1228 peccare,
1371 1181 1520 1215 tamen

127 1244 351 1285 advertere
373 1245 543 1297 possint
564 1258 614 1286 ac
635 1245 840 1285 debeant.
903 1244 1176 1297 Exemplum
1207 1243 1387 1284 alterius
1417 1244 1520 1284 affe-

127 1320 227 1353 runt
248 1326 330 1364 vg.
350 1318 606 1353 venatorem
628 1312 703 1365 qui
727 1326 784 1352 ex
807 1311 1078 1365 negligentia
1099 1325 1273 1351 summa
1295 1311 1519 1352 hominem

127 1380 299 1430 occidit,
322 1394 374 1421 eo
395 1381 529 1433 quod,
558 1381 636 1421 vix
668 1380 710 1420 in
743 1379 917 1432 sylvam
949 1379 1183 1432 ingressus,
1216 1379 1426 1432 glandem
1463 1394 1521 1421 ex

125 1448 324 1502 sclopeto
354 1448 499 1489 emisit
530 1448 574 1488 in
609 1448 834 1501 objectum
868 1448 981 1488 inter
1013 1448 1195 1488 dumeta
1226 1448 1380 1497 latens,
1402 1450 1521 1501 quod

125 1515 306 1570 quidem
347 1514 485 1555 feram
527 1529 622 1556 esse
656 1515 885 1568 judicavit,
925 1514 1047 1555 nulla
1089 1521 1238 1555 tamen
1281 1517 1522 1568 praemissa

126 1583 355 1636 diligentia
376 1583 431 1623 ad
454 1583 780 1637 inspiciendum
803 1597 908 1624 num
931 1583 1043 1624 forte
1064 1590 1179 1624 esset
1200 1583 1335 1624 homo
1355 1599 1363 1626 :
1405 1584 1521 1625 hunc

127 1652 250 1692 aiunt
285 1651 510 1692 homicidii
547 1665 669 1692 reum
706 1652 888 1693 omnino
923 1652 1192 1693 censendum
1232 1666 1338 1701 esse,
1372 1666 1521 1706 quum,

126 1720 207 1761 etsi
231 1720 288 1761 ad
309 1719 548 1772 periculum
564 1719 685 1760 nullo
703 1720 837 1760 modo
854 1721 1101 1768 adverterit,
1124 1721 1351 1761 advertere
1372 1727 1521 1761 tamen

125 1787 318 1840 potuerit
339 1800 390 1828 ac
411 1787 623 1828 debuerit.
685 1787 788 1829 Duo
804 1787 899 1836 ista,
914 1801 1051 1841 quum
1074 1789 1229 1828 eadem
1260 1788 1519 1841 aequivoca-

127 1855 246 1896 tione
267 1855 474 1905 nitantur‚
490 1856 645 1896 eadem
660 1856 793 1897 etiam
810 1857 980 1897 ratione
1001 1856 1283 1898 refelluntur:
1305 1857 1360 1897 de
1382 1857 1524 1910 priore

127 1928 276 1963 tamen
310 1921 448 1964 fusius
479 1937 610 1977 agere
641 1924 699 1964 ad
741 1923 1002 1965 Tractatum
1039 1925 1091 1965 de
1123 1924 1316 1965 peccatis
1346 1924 1526 1978 speciali

127 1990 261 2031 modo
282 1992 471 2043 pertinet
483 1989 508 2042 ;1
540 1992 726 2032 alterum
751 1991 945 2033 refellere
967 1992 1097 2045 hujus
1119 1998 1185 2033 est
1207 1992 1300 2033 loci.

191 2056 280 2099 106.
313 2057 499 2099 Minime
521 2059 654 2111 igitur
675 2060 927 2112 negandum
945 2066 1011 2100 est
1028 2060 1292 2113 culpabilem
1312 2074 1406 2100 esse
1423 2074 1522 2101 eum

126 2124 352 2177 qui,quum
356 2125 495 2177 possit
507 2139 556 2166 ac
566 2125 711 2166 debeat
722 2126 888 2179 aliquid
906 2127 1243 2180 perficere,illud
1259 2134 1407 2168 tamen
1426 2141 1520 2180 per-

128 2190 255 2232 ficere
271 2194 618 2244 praetermittat:
641 2195 892 2247 negandum
911 2202 1059 2236 autem
1076 2196 1257 2236 omnino
1272 2202 1338 2236 est
1360 2209 1521 2248 suppo-

126 2259 259 2299 situm
281 2273 371 2312 quo
392 2261 592 2302 nituntur
613 2262 847 2303 adversarii
871 2263 973 2304 inde
994 2263 1229 2305 inferentes
1258 2264 1312 2304 ad
1345 2263 1519 2317 culpam

126 2327 322 2368 sufficere
343 2329 679 2380 advertentiam,
703 2344 836 2383 quam
859 2337 1031 2379 vocant,
1053 2330 1420 2383 interpretativam
1443 2344 1518 2370 seu

127 2396 380 2446 virtualem,-
410 2409 553 2450 neque
595 2397 712 2438 enim
755 2411 949 2451 unquam
994 2398 1095 2440 licet
1131 2400 1247 2440 istud
1279 2401 1443 2450 “potest
1470 2412 1520 2438 ac

427 2515 495 2548 'Et
511 2516 579 2548 vid.
598 2517 691 2553 infra,
710 2529 743 2549 n.
765 2527 837 2558 192.
885 2520 1020 2551 Resolv.
1038 2520 1187 2551 60—100.
