1716 2729
98 122 135 148 n.
166 118 179 146 1
193 104 247 158 5.]
546 96 597 136 de
619 92 801 135 Actibus
820 88 1060 130 Humanis.
1419 92 1434 120 1
1449 87 1494 130 15

99 225 350 263 excusatur.
410 212 692 268 Quandoque
713 220 818 248 vero
839 205 986 258 passio
1009 217 1096 243 non
1132 208 1198 242 est
1235 204 1360 240 tanta
1381 195 1502 249 quod

97 290 296 332 totaliter
329 282 578 335 intercipiat
609 290 736 318 usum
770 273 979 322 rationis;
1017 278 1060 312 et
1094 277 1198 310 tunc
1221 268 1332 308 ratio
1355 269 1504 318 potest

98 359 348 413 passionem
379 350 615 392 excludere
646 376 655 384 .
689 376 696 384 .
734 343 868 384 Unde
899 340 999 380 talis
1032 338 1180 392 passio
1215 349 1296 376 non
1319 332 1507 374 totaliter

96 431 286 468 excusat
308 438 334 463 a
354 414 574 475 peccato.”

160 495 254 547 296.
308 487 450 532 Simul
507 497 611 525 vero
668 477 1117 522 animadvertendum
1177 478 1243 513 est
1298 468 1506 520 concupi-

101 562 326 609 scentiam,
347 554 577 599 efficiendo
602 558 649 592 ut
670 548 896 602 objectum
914 543 1134 586 voluntati
1156 542 1508 594 repraesentetur

102 639 150 673 ut
191 629 332 682 magis
375 622 565 666 amabile
602 634 652 661 ac
694 614 970 663 delectabile,
1004 624 1165 666 augere
1196 605 1508 651 voluntarium,

99 706 319 754 quatenus
351 695 435 734 hoc
467 688 686 744 significet
717 683 1037 739 propensionem
1079 676 1315 720 voluntatis
1355 675 1399 714 in
1431 673 1508 712 ob-

97 770 267 822 jectum
298 762 552 809 tendentis3
590 769 733 810 neque
777 754 976 794 minuere
1019 750 1127 791 illud
1174 748 1258 789 nisi
1290 749 1507 799 quantum

101 834 398 878 voluntarium
421 831 577 882 exigat
599 825 831 867 intellectus
852 821 1140 875 cognitionem.

163 989 256 1032 297.
291 972 626 1030 Principium
647 965 1123 1020 II.—Concupiscent2·a
1140 973 1427 1014 consequens,
1450 971 1512 998 eo-

102 1049 198 1089 dem
220 1047 341 1087 modo
362 1059 442 1098 qno
473 1043 754 1089 antecedens,
775 1036 940 1079 minuit
968 1039 1048 1075 ant
1081 1032 1194 1073 tollit
1214 1028 1512 1071 voluntarz'mn

105 1117 148 1156 in
185 1129 257 1156 se:
299 1128 428 1167 neque
466 1111 579 1152 tollit
619 1123 715 1150 vero
757 1120 886 1160 neque
927 1102 1090 1144 minuit
1128 1098 1424 1141 voluntarium
1470 1097 1513 1136 in

106 1197 250 1225 causa.

167 1254 262 1305 298.
298 1251 402 1291 Pars
434 1249 563 1302 prior
598 1253 774 1288 constat
811 1258 870 1284 ex
901 1256 954 1282 eo
991 1239 1111 1293 quod
1145 1237 1515 1291 concupiscentia,

109 1323 199 1362 sive
220 1320 464 1360 antecedens
485 1325 551 1358 est
580 1318 671 1357 sive
702 1325 960 1366 consequetur,
984 1309 1167 1350 omnino
1199 1307 1357 1347 eodem
1381 1306 1517 1346 modo

110 1389 253 1430 influit
276 1389 318 1428 in
341 1394 502 1436 actum,
527 1384 824 1438 impediendo,
848 1377 1062 1434 quamdiu
1095 1382 1257 1424 manet,
1280 1375 1517 1427 quominus

104 1458 355 1499 intellectus
379 1457 460 1496 rite
491 1454 739 1508 perpendat
773 1450 1001 1501 utriusque
1042 1445 1178 1499 partis
1217 1444 1407 1484 rationes
1440 1457 1517 1483 seu

108 1532 347 1567 momenta.
425 1524 560 1565 Unde
613 1521 654 1563 S.
701 1516 917 1560 Thomas1
941 1518 1000 1567 (n.
1041 1513 1160 1565 295.)
1207 1513 1261 1552 de
1310 1511 1518 1564 concupi-

109 1595 277 1637 scentia
299 1593 433 1633 etiam
455 1596 723 1644 consequente
741 1590 802 1629 ait
825 1592 845 1607 “
864 1585 1133 1640 quandoque
1164 1588 1290 1621 tanta
1312 1587 1378 1621 est
1399 1580 1519 1632 quod

108 1663 307 1705 totaliter
328 1661 471 1702 aufert
493 1673 621 1700 usum
644 1654 867 1699 rationis.''

170 1743 264 1785 299.
297 1730 455 1770 Altera
477 1742 578 1781 pars
601 1726 805 1780 principii
839 1725 1055 1778 probatur
1088 1738 1147 1764 ex
1185 1736 1238 1762 eo
1272 1721 1405 1774 quod,
1427 1721 1521 1769 etsi,

111 1807 160 1841 ut
182 1813 314 1853 supra
335 1797 593 1850 expositum
630 1802 708 1844 est,
732 1794 944 1834 minuitur
978 1792 1240 1834 deliberatio
1271 1789 1524 1830 intellectus

114 1878 158 1910 et
193 1869 293 1909 ideo
334 1865 633 1908 voluntarium
678 1864 722 1904 in
763 1877 816 1912 se,
839 1862 930 1902 fieri
974 1868 1125 1902 tamen
1169 1864 1318 1913 potest
1361 1864 1409 1898 ut
1451 1858 1523 1898 ille

114 1937 312 1980 defectus
343 1936 399 1976 sit
430 1934 613 1974 omnino
645 1931 922 1972 voluntarius
954 1930 1000 1970 z'n
1031 1943 1172 1979 causa,
1193 1941 1308 1981 quae
1339 1932 1406 1967 est
1427 1926 1523 1979 ipsa

115 2004 473 2058 concupiscentia
504 2014 751 2054 consequens
784 2013 860 2039 seu
896 1999 1161 2040 voluntaria.
1224 1996 1307 2038 “Si
1339 1994 1524 2048 passio,’'

116 2077 177 2116 ait
202 2074 244 2115 S.
267 2068 494 2121 Thomas‚2
513 2073 535 2091 “
551 2084 577 2110 a
599 2068 815 2122 principio
838 2067 967 2108 fuerit
997 2066 1258 2116 voluntaria,
1281 2065 1525 2116 imputatur

119 2149 243 2184 actus
279 2142 336 2182 ad
371 2146 616 2193 peccatum,
641 2138 745 2190 quia
781 2144 848 2176 est
885 2135 1158 2175 voluntarius
1192 2135 1236 2174 in
1268 2146 1348 2172 sua
1379 2145 1522 2174 causa.

118 2212 229 2252 sient
247 2210 377 2250 etiam
398 2209 449 2249 de
476 2207 676 2248 ebrietate
703 2205 866 2245 dictum
893 2200 989 2243 est.⁷'
1052 2203 1211 2255 Neque
1241 2207 1393 2241 tamen
1416 2200 1524 2238 haec

118 2280 332 2325 doctrina,
355 2284 404 2318 ut
425 2277 532 2318 satis
553 2275 750 2317 declarat
773 2272 1032 2325 exemplum
1062 2271 1260 2319 allatum,
1284 2270 1345 2309 ita
1366 2267 1523 2307 intelli-

118 2335 266 2402 genda
299 2352 365 2387 est
398 2351 448 2386 ut
482 2343 756 2386 voluntarius
798 2341 845 2382 z‘n
885 2354 1014 2381 cansa
1055 2344 1285 2379 censeatur
1325 2336 1525 2376 defectus

510 2511 524 2563 J.
537 2510 691 2584 iffgc'gzma,
714 2516 743 2539 1.
761 2516 793 2538 2.
812 2507 950 2547 Quaest.
970 2513 1023 2545 77.
1041 2511 1103 2536 art.
1123 2512 1153 2544 7.

511 2566 524 2572 -
581 2563 591 2583 1
620 2576 627 2582 .
