1716 2729
128 103 200 130 nn.
227 101 291 141 22,
315 89 400 143 23.]
579 89 630 130 de
648 90 832 130 Actibus
852 90 1094 131 Humanis.
1455 100 1534 141 149

190 215 284 258 397.
318 205 460 246 RESP.
494 206 550 245 ad
586 205 816 246 secundam
858 212 1041 257 partem.
1107 204 1238 258 Quod
1283 205 1443 245 attinet
1476 205 1531 244 ad

131 274 359 315 bonitatem
381 281 517 323 actus,
553 274 798 314 communis
831 274 925 314 TT.
960 274 1191 322 sententia,
1224 279 1378 313 contra
1401 286 1534 326 quos-

130 343 246 391 dam,
289 342 577 396 paucissimos
609 342 800 394 quidem,
833 339 1076 395 negantes,¹
1118 341 1250 382 docet
1291 341 1405 381 hanc
1447 355 1534 381 non

130 412 338 465 imputari
361 412 441 451 nisi
465 403 520 451 sit
541 412 695 451 directe
716 411 864 451 volita.
917 410 1098 451 Etenim
1123 413 1142 429 “
1158 411 1337 462 quando
1359 409 1534 449 bonitas

129 481 284 533 operis,
325 480 406 520 etsi
447 479 736 532 apprehensa,
779 486 929 519 tamen
972 492 1061 519 non
1113 478 1367 526 intenditur,
1409 478 1533 518 habet

128 548 336 588 rationem
358 547 458 587 boni
476 547 652 599 neglecti
665 562 679 586 .·
711 547 788 587 sed
826 547 1001 587 bonitas
1037 546 1251 598 neglecta,
1276 552 1322 585 ut
1354 559 1412 585 ex
1448 552 1533 585 ter-

129 616 258 656 minis
280 615 444 656 clarum
479 622 556 664 est,
590 629 675 655 non
716 615 860 655 reddit
899 615 1169 655 laudabilem
1209 621 1355 654 actum
1395 614 1534 666 negli-

127 684 272 738 gentis
293 701 300 725 :
332 698 448 737 ergo,
472 690 553 725 etc.
601 684 798 736 Ideoque
821 697 952 724 nemo
970 684 1027 723 ob
1051 684 1303 723 castitatem
1328 682 1535 722 laudatur

127 754 161 793 si
185 759 356 793 constet
379 752 513 792 solius
546 752 843 805 parsimoniae
877 766 1010 792 causa
1047 751 1312 792 abstinuisse
1346 764 1371 790 a
1403 749 1534 790 forni—

125 822 324 861 catione:
369 834 512 874 neque
549 820 756 861 laudatur
791 821 849 860 ob
888 820 1236 861 misericordiam
1275 819 1349 872 qui
1386 821 1535 860 visitet

125 902 308 942 aegrum
343 889 539 942 praecise
575 889 718 941 gratia
761 886 1401 929 confabulationis.'’²—Imrno
1446 901 1535 928 non

127 960 288 1000 desunt
311 960 403 1000 TT.
426 959 501 1012 qui
533 959 721 1012 insuper,
754 960 832 999 sed
871 960 1053 999 omnino
1090 960 1238 1012 gratis,
1278 961 1465 1011 exigunt
1489 965 1536 999 ut

127 1042 262 1081 agens
294 1028 377 1068 sibi
418 1035 638 1081 proponat
680 1028 942 1077 bonitatem,
984 1029 1039 1068 de
1082 1042 1170 1080 qua
1202 1042 1346 1067 sermo
1379 1034 1457 1077 est,
1489 1034 1537 1068 ut

114 1097 254 1150 finem
277 1092 467 1149 agendi.3
508 1097 579 1136 De
599 1097 683 1138 hac
705 1097 926 1138 sententia
952 1099 1172 1150 quaedam
1197 1098 1308 1137 infra
1331 1096 1392 1150 (n.
1416 1099 1532 1149 494.)

127 1167 316 1207 dicenda
338 1173 452 1216 sunt,
474 1180 531 1206 ex
554 1166 714 1218 quibus
746 1166 904 1207 clarius
935 1167 1158 1206 videbitur
1192 1167 1418 1219 quomodo
1451 1167 1537 1206 dis-

126 1240 276 1288 crepet
298 1248 323 1274 a
345 1235 566 1274 sententia
587 1235 812 1274 communi
833 1233 926 1286 jam
950 1234 1157 1274 stabilita.

185 1304 276 1354 398.
311 1303 469 1355 Neque
491 1302 740 1342 communis
759 1303 866 1342 haec
888 1303 1120 1349 sententia,
1146 1310 1193 1343 ut
1219 1302 1535 1343 animadvertit

128 1369 342 1419 Billuart,4
365 1377 430 1411 est
455 1385 507 1411 eo
530 1384 658 1410 sensu
697 1370 987 1424 intelligenda
1025 1373 1143 1424 quod
1184 1385 1362 1411 necesse
1399 1371 1455 1410 sit
1488 1376 1535 1410 ut

124 1453 276 1492 agens,
297 1454 378 1493 v.g.
402 1439 735 1491 eleemosynam
760 1440 956 1485 daturus,
979 1439 1085 1479 velit
1109 1445 1256 1479 actum
1280 1439 1538 1489 forumliler

125 1522 211 1560 qua
231 1508 430 1548 honestus
464 1514 536 1557 est,
558 1522 629 1547 sm
664 1508 824 1560 regular
860 1523 1028 1548 morum
1052 1509 1285 1560 consoranis
1302 1525 1319 1555 ‚·
1353 1509 1535 1548 omnino

124 1578 242 1618 enim
267 1579 427 1618 sufficit
449 1578 483 1618 si
507 1578 612 1618 velit
635 1591 735 1618 eum
758 1578 835 1618 sub
856 1592 905 1618 ea
937 1579 1104 1618 ratione
1122 1593 1172 1618 ex
1206 1592 1289 1631 qua
1321 1578 1534 1619 honestus

125 1655 203 1695 est,
225 1660 302 1687 seu
323 1647 486 1700 regulis
508 1645 760 1695 conformis,
795 1660 879 1698 qna
911 1653 1055 1699 nempe
1086 1647 1281 1687 sublevat
1311 1648 1533 1688 miseriam

117 1715 337 1768 pauperis.

183 1795 276 1835 399.
314 1785 468 1837 Neque
504 1797 563 1824 ex
601 1784 738 1824 altera
762 1791 886 1837 parte
924 1798 1104 1825 necesse
1135 1792 1201 1825 est
1234 1792 1281 1825 ut
1315 1799 1451 1838 agens
1475 1787 1536 1826 ita

123 1853 313 1905 explz‘cz’le
328 1867 404 1894 seu
419 1860 606 1905 expresse
620 1853 824 1893 intendat
842 1860 990 1893 actum
1007 1854 1089 1894 sub
1108 1868 1158 1893 ea
1174 1855 1344 1894 ratione
1359 1855 1534 1907 propria

125 1935 184 1961 ex
220 1935 307 1974 qua
343 1921 596 1975 specificam
619 1935 744 1961 suam
778 1922 1025 1962 bonitatem
1058 1923 1252 1973 habeat;
1285 1924 1391 1963 satis
1414 1924 1531 1963 enim

123 1995 190 2029 est
226 1989 260 2029 si
298 1989 592 2043 apprehendit
630 2003 731 2029 eum
768 2003 851 2042 ug.
886 1996 935 2030 ut
971 2004 1082 2042 opus
1119 1991 1306 2038 virtutis,
1341 1996 1389 2030 ut
1431 2003 1533 2029 con-

123 2058 374 2098 venientem
392 2064 537 2098 rectae
554 2058 784 2107 rationi,ut
798 2059 1121 2099 conducentem
1141 2060 1195 2099 ad
1210 2059 1532 2099 beatitudinem

167 2210 267 2242 ¹Vid.
289 2211 459 2247 Mastrius,
488 2212 588 2252 hisp.
610 2218 638 2252 5.
654 2222 688 2242 n.
711 2220 782 2252 193,
810 2212 867 2243 ubi
884 2213 1051 2244 sententia
1074 2212 1261 2244 communis
1285 2219 1527 2254 propugnatur,

120 2258 222 2294 atque
239 2261 453 2285 recensentur
468 2256 663 2286 adversarii.

165 2295 178 2314 ²
194 2297 404 2336 Haunoldus,
430 2298 600 2339 Theologz‘a
617 2299 836 2340 Speculativa.
855 2299 930 2330 Lib.
949 2308 980 2330 2.
999 2305 1096 2332 tract.
1116 2301 1137 2330 i.
1154 2311 1186 2331 n.
1208 2299 1283 2340 363.
1330 2299 1408 2331 Vid.
1428 2300 1530 2330 etiam

124 2341 257 2382 Sporer,
278 2341 389 2372 Tract.
414 2350 442 2372 1.
461 2352 533 2383 cap.
550 2342 597 2373 iii.
617 2348 698 2374 sect.
716 2351 744 2373 2.
763 2353 795 2373 n.
815 2351 846 2382 9.

165 2385 178 2404 3
192 2384 244 2415 De
268 2384 319 2415 his
335 2385 406 2416 vid.
426 2385 595 2423 Masfflus,
624 2387 722 2427 Disp.
740 2393 770 2426 5.
789 2397 822 2418 n.
844 2393 914 2427 195.
932 2392 963 2418 et
982 2387 1134 2427 Arriaga.
1152 2386 1250 2426 Disp.
1272 2392 1319 2426 15.
1342 2391 1421 2417 sect.
1441 2395 1457 2427 5

164 2427 177 2448 4
194 2428 300 2459 Tract.
314 2428 352 2458 de
372 2429 444 2460 Act.
463 2429 642 2466 Humanis,
662 2430 750 2461 Diss.
768 2439 800 2469 4.
826 2432 888 2460 art.
914 2430 960 2461 iii.
977 2430 990 2470 ᾧ
1008 2440 1038 2469 4,
1068 2430 1245 2461 difficultas
1269 2427 1364 2465 2¹¹d³²;
1394 2430 1526 2467 Suarez,

127 2471 186 2502 Tr.
215 2472 252 2503 de
277 2471 432 2503 Bonitate
456 2476 485 2502 et
517 2473 654 2504 Alalz'tz‘a
693 2473 933 2504 Ηιιυιαησνιιηι
958 2475 1117 2508 Aclzmm.
1151 2474 1248 2513 Disp.
1272 2482 1303 2512 4.
1327 2479 1408 2504 sect.
1428 2474 1449 2504 i.
1470 2485 1527 2504 nn.

124 2521 155 2554 7,
175 2514 216 2552 8;
244 2513 340 2555 Disp.
363 2521 392 2556 5.
411 2521 492 2546 sect.
511 2515 532 2546 ii
563 2527 619 2547 nn.
638 2527 659 2556 4
675 2522 706 2548 et
724 2526 814 2557 seq.;
843 2516 990 2558 Struggl,
1015 2517 1181 2557 Theologia
1206 2517 1414 2557 Dogmalica,
1436 2517 1527 2548 Part.

122 2566 152 2589 1.
169 2563 264 2590 tract.
280 2559 324 2590 iv.
341 2560 427 2600 disp.
446 2569 478 2597 4.
498 2565 621 2598 quaest.
644 2568 672 2591 2.
694 2565 754 2591 art.
775 2561 819 2590 iv.
837 2571 892 2591 nn.
913 2569 931 2590 2
948 2566 981 2592 et
997 2572 1067 2602 seq.
