1716 2729
162 131 177 159 1
189 131 239 160 22
768 117 807 157 T
806 122 997 156 metatus
1400 111 1494 166 [GU
1500 120 1579 159 RY,

156 249 245 276 non
268 235 510 288 trepidaret
541 235 722 287 quidem
755 234 819 273 vir
850 232 986 280 fortis,
1017 238 1166 271 tamen
1195 229 1364 282 judicio
1386 228 1577 282 pruden-

155 305 267 345 tium
292 303 445 344 merito
465 304 661 357 trepidat
681 303 751 343 liic
771 298 942 342 liomcss'l

217 384 310 425 320.
346 373 420 413 Ex
442 373 572 413 dictis
605 371 733 412 facile
768 369 1027 422 intelligitur
1063 368 1291 422 quomodo
1324 366 1414 406 fieri
1437 366 1578 419 possit

156 449 206 483 ut
240 449 384 484 metus
421 443 496 496 qui
534 441 731 494 objective
767 445 995 492 spectatus
1030 438 1213 478 omnino
1249 436 1357 477 levis
1377 436 1447 485 sit,
1479 441 1575 476 tum

156 512 346 552 absolute
363 518 459 551 tum
484 510 716 562 respective,
738 516 890 548 tamen
907 507 1048 560 possit
1072 520 1167 546 esse
1185 505 1411 558 subjective
1420 503 1579 558 gravis

154 579 291 618 immo
316 584 359 618 et
375 576 705 631 gravissiilius‚·
739 575 874 627 idque
897 574 988 613 sive
1011 573 1206 626 gravitas
1238 571 1496 624 subjectiva,
1518 584 1577 610 ex

154 647 328 687 duobus
379 646 582 687 sensibus
625 657 758 697 supra
810 642 1040 695 expositis,
1091 640 1368 693 intelligatur
1413 639 1475 692 (a)
1525 652 1578 679 eo

153 713 305 756 sensu2
325 716 445 768 quod
467 715 564 768 quis
588 714 650 754 ita
672 713 822 753 animo
845 711 1063 752 afficiatur
1086 715 1134 750 ut
1157 708 1276 750 malo
1299 708 1580 762 apprehenso

155 783 410 824 notabiliter
437 789 668 823 moveatur
690 782 746 821 ad
769 781 992 834 agendum
1018 779 1105 820 alio
1128 779 1263 818 modo
1295 791 1429 830 quam
1453 777 1579 817 aliter

155 852 328 905 egisset,
365 852 456 892 sive
495 851 557 904 (b)
596 864 648 890 eo
683 849 818 890 etiam
854 846 1005 888 sensu3
1043 847 1161 900 quod
1196 846 1429 886 facultates
1466 846 1579 885 adeo

155 921 466 974 perturbentur
508 926 556 961 ut
597 933 701 960 usus
745 919 926 959 rationis
976 916 1245 970 impediatur
1285 915 1353 955 vel
1395 915 1581 955 omnino

154 989 347 1030 tollatur.
415 989 594 1029 Etenim
629 987 714 1028 hoc
748 987 879 1040 plane
913 986 961 1026 fit
997 985 1172 1039 quoties
1215 985 1326 1037 quis,
1367 983 1579 1024 alterutro

156 1058 292 1098 modo
315 1058 541 1111 exposito,
562 1055 813 1097 notabiliter
826 1056 976 1095 animo
992 1053 1209 1094 afficiatur
1225 1067 1283 1092 ex
1301 1051 1580 1105 apprehenso

156 1126 260 1167 mali
285 1126 480 1180 periculo
503 1126 624 1178 quod
647 1132 800 1165 tamen
838 1123 1058 1174 ejusmodi
1095 1135 1182 1162 non
1217 1127 1284 1161 est
1322 1134 1410 1173 quo
1444 1120 1578 1160 ratio-

156 1195 364 1236 nabiliter
383 1196 444 1235 sic
468 1194 582 1234 affici
605 1194 793 1234 debeat:
827 1193 881 1232 de
919 1191 1038 1245 quali
1064 1197 1183 1230 metu
1209 1191 1270 1230 ait
1293 1188 1448 1241 regula
1466 1189 1576 1241 juris

162 1267 270 1315 184³,
293 1264 445 1304 “Vani
467 1263 640 1303 timoris
660 1262 782 1314 justa
804 1261 1038 1301 excusatio
1061 1272 1149 1299 non
1174 1256 1296 1298 est.”4

215 1344 308 1384 321.
344 1333 494 1372 Metus
518 1335 562 1370 2⁰
583 1338 649 1371 est
671 1329 725 1370 ab
746 1330 976 1369 extrinseco
997 1328 1066 1368 vel
1088 1327 1141 1368 ab
1159 1327 1395 1367 intrinseco.
1444 1325 1581 1366 Porro

154 1401 264 1442 haec
287 1414 465 1454 quoque
497 1400 668 1449 divisio,
690 1399 803 1439 sicut
836 1403 903 1438 tot
935 1397 1047 1437 aliae
1079 1409 1193 1449 quae
1225 1396 1268 1435 in
1293 1395 1505 1435 Tractatu
1529 1393 1583 1434 de

152 1469 337 1510 Actibus
357 1469 584 1509 Humanis
600 1468 847 1515 traduntur,
862 1466 1038 1507 duobus
1056 1464 1256 1505 sensibus
1279 1463 1398 1503 haud
1421 1476 1577 1516 parurn

153 1538 267 1578 inter
289 1552 335 1578 se
357 1538 541 1578 diversis
563 1536 750 1588 intelligi
773 1535 897 1575 solet.

215 1617 306 1656 322.
344 1607 525 1646 Etenim
569 1607 633 1659 (a)
678 1610 782 1644 sunt
815 1603 921 1643 AA.
966 1603 1040 1654 qui
1065 1607 1233 1640 metum
1265 1599 1319 1639 ab
1349 1599 1579 1638 castrinsem

154 1676 305 1715 dicant
327 1688 428 1714 eum
451 1675 525 1727 qui
559 1673 762 1726 provenit
784 1686 841 1711 ex
863 1685 991 1711 causa
1012 1677 1183 1709 cut-teriia
1199 1684 1218 1716 ,·
1250 1682 1365 1721 quae
1397 1667 1576 1720 quidem

153 1757 299 1792 causa,
321 1750 368 1783 ut
391 1742 744 1783 animadvertere
774 1740 930 1786 solent,
952 1744 1099 1792 potest
1135 1751 1230 1777 esse
1261 1736 1330 1777 vel
1362 1736 1507 1785 libem,
1529 1743 1577 1776 ut

152 1826 236 1865 v.g.
259 1811 407 1859 homo,
428 1810 498 1850 vel
517 1809 755 1850 necessaria
783 1822 860 1848 seu
885 1807 1115 1851 naturalis,
1139 1814 1187 1845 ut
1209 1819 1290 1857 vg.
1310 1805 1577 1853 incendium,

151 1880 342 1921 ferarum
367 1879 582 1927 incursus,
606 1877 902 1930 naufragium,
924 1882 1017 1924 eto,
1039 1882 1124 1915 etc.
1192 1874 1253 1913 Hi
1277 1874 1418 1926 igitur
1439 1872 1492 1913 ab
1511 1873 1575 1913 in-

155 1948 336 1989 trinseco
357 1952 520 1987 vocant
542 1952 713 1985 metum
738 1945 855 1995 mali,
878 1945 998 1997 quod
1027 1957 1115 1983 non
1150 1941 1204 1982 ab
1234 1942 1475 1991 extrinseco,
1497 1942 1576 1982 sed

157 2016 373 2057 metuenti
426 2015 510 2068 ipsi
554 2014 846 2063 intrinsecum,
898 2018 1159 2053 eventurum
1211 2011 1573 2064 apprehenditur,

154 2085 297 2138 qualis
320 2097 401 2136 vg.
426 2089 491 2122 est
529 2082 761 2123 infirmitas
800 2083 972 2130 mentis,
1010 2079 1201 2126 morbuS,
1234 2085 1278 2119 et
1309 2079 1395 2119 alia
1424 2078 1573 2131 hujus-

156 2154 290 2193 modi.
356 2152 456 2192 Hoc
480 2165 611 2191 sensu
645 2152 907 2191 divisionem
930 2149 1117 2202 exponit
1138 2162 1217 2201 vg.
1243 2148 1401 2200 Guryf'

200 2256 376 2288 ¹Lzoeroix.
404 2255 479 2286 Lib.
505 2254 553 2285 iii.
583 2256 670 2285 Part.
695 2263 726 2285 2.
750 2256 803 2285 De
831 2253 1069 2289 Contractibus,
1095 2262 1127 2283 n.
1150 2251 1227 2290 613.
1274 2250 1354 2281 Vid.
1378 2251 1504 2292 Crolly,
1524 2253 1577 2282 De

156 2300 300 2341 Justz'tz'a
317 2304 345 2331 et
360 2299 467 2340 Jurc,
487 2299 567 2329 Vol.
595 2307 622 2329 2.
653 2309 686 2329 n.
717 2305 796 2338 147;
823 2300 866 2329 A.
893 2298 1001 2337 Mayr,
1035 2295 1142 2327 Theol.
1168 2294 1378 2331 Scholastica,
1404 2295 1514 2326 Tract.
1538 2304 1571 2334 4.

157 2345 245 2385 disp.
264 2343 284 2374 i.
302 2354 336 2374 n.
354 2352 408 2382 42.

198 2387 301 2418 2Vid.
318 2398 353 2418 n.
373 2395 448 2426 310.

199 2430 303 2461 3Vid.
322 2441 353 2460 n.
371 2438 451 2469 309.

199 2472 299 2505 wid.
319 2474 420 2505 etiam
440 2473 492 2503 De
516 2472 622 2512 Lugo,
655 2473 707 2502 De
723 2473 864 2512 Justitia
886 2476 914 2502 ct
938 2470 1041 2511 Jeme,
1066 2470 1162 2511 Disp.
1182 2480 1235 2504 22.
1253 2474 1336 2502 sect.
1358 2469 1413 2499 vii.
1433 2479 1466 2500 n.
1490 2475 1571 2510 135;

159 2517 323 2556 Carriere,
341 2518 393 2548 De
411 2516 650 2554 Contraczjbus‚
670 2526 726 2546 nn.
748 2515 798 2554 78.
819 2523 880 2554 793
905 2513 956 2546 De
974 2514 1203 2553 Mam-imaum,
1224 2526 1256 2545 n.
1277 2512 1352 2553 768.

160 2561 316 2635 ΕἰΡῆῑῒ.
337 2561 358 2591 i.
396 2567 444 2600 17,
462 2561 505 2590 2⁰.
523 2559 602 2590 Vid.
629 2560 730 2590 etiam
757 2559 971 2600 Bouquillon‚
999 2558 1102 2588 Theoi.
1134 2559 1258 2590 slloral.
1282 2555 1572 2592 szdamentalis,

190 2615 200 2634 l
228 2628 236 2635 .
259 2612 287 2634 1.
306 2614 378 2644 cap.
399 2614 434 2634 n.
452 2614 485 2634 n.
503 2609 554 2643 54.
