1716 2729
176 87 234 128 60
763 86 802 125 T
800 92 991 126 metatus
1397 83 1572 140 [GURY,

180 201 222 241 in
245 214 290 241 se
312 214 390 242 nec
421 207 599 254 propter
630 215 675 241 se
706 201 945 247 intendere,
969 214 1111 253 neque
1146 201 1187 240 in
1221 214 1273 241 ea
1304 201 1580 254 complacere

181 275 256 308 aut
278 269 333 309 de
355 283 405 309 ea
427 269 620 322 gaudere
653 268 733 308 nisi
766 274 984 321 quatenus
1017 269 1212 309 medium
1245 274 1311 308 est
1341 270 1458 310 vitae
1479 283 1582 309 con-

182 338 452 382 servandae:
494 338 602 378 haec
643 337 774 385 enim,
814 343 860 376 ut
902 342 1037 388 patet,
1077 350 1163 376 non
1208 336 1361 376 fierent
1402 337 1483 377 nisi
1525 350 1583 376 ex

183 406 336 459 spiritu
388 406 475 446 odii
530 411 605 445 aut
661 401 916 444 vindictae.1
1008 405 1121 444 Item
1182 405 1385 445 illustrari
1438 410 1585 458 potest

183 474 392 527 exemplo
424 474 619 522 actionis,
641 473 765 524 cujus
799 472 939 512 malus
971 472 1153 512 effectus
1187 486 1274 512 non
1299 479 1365 512 est
1388 473 1583 513 medium

181 542 366 583 effectus
387 543 490 582 boni
514 541 838 594 consequendi:
873 547 978 580 tunc
1012 541 1193 594 quidem
1218 541 1351 594 plane
1374 555 1460 581 non
1484 542 1586 583 licet

186 612 390 651 effectum
425 610 590 649 malum
630 608 720 648 ullo
763 609 896 648 modo
936 609 1176 657 intendere,
1199 621 1286 648 non
1325 609 1506 661 quidem
1535 615 1584 650 ut

186 679 320 718 finem
338 678 509 731 agendi,
528 683 574 716 ut
592 681 767 716 constat
784 689 841 716 ex
860 681 991 715 antea
1005 676 1148 723 dictis,
1165 688 1308 727 neque
1325 681 1372 716 ut
1391 677 1586 717 medium

186 746 291 800 quia
321 745 514 785 medium
553 745 695 796 reipsa
730 757 815 783 non
855 749 930 783 est.
1009 743 1079 784 Sic
1113 758 1197 796 vg.
1233 745 1294 786 ait
1333 744 1402 784 De
1442 745 1585 798 Lugo,

191 814 423 854 “medicus
467 813 682 853 adhibens
715 811 1088 852 medicamentum
1124 812 1229 852 utile
1262 814 1317 853 acl
1340 814 1589 863 sanitatem,

191 898 246 924 ex
283 898 370 936 quo
405 882 631 936 praevidet
665 887 910 922 secuturam
936 881 1209 921 debilitatem
1240 872 1421 934 aegroti,
1451 883 1590 922 inten-

192 953 257 992 dit
287 952 536 999 sanitatem,
562 963 649 990 non
679 949 1030 989 debilitationem
1054 963 1168 1002 quae
1201 964 1257 990 ex
1293 951 1368 990 illo
1391 951 1587 992 remedio

193 1020 413 1072 sequitur3
452 1033 554 1058 nam
597 1019 652 1058 ad
696 1018 933 1058 sanitatem
970 1031 1055 1057 non
1098 1018 1303 1058 conducit
1340 1018 1588 1059 debilitatio

194 1088 361 1140 aegroti
383 1088 459 1127 sed
482 1087 712 1127 evacuatio
742 1085 939 1125 humoris
974 1085 1107 1133 noxii,
1131 1099 1245 1138 quae
1263 1087 1366 1139 quia
1387 1086 1478 1127 fieri
1502 1101 1590 1127 non

195 1162 342 1210 potest
387 1157 491 1209 quin
529 1155 658 1195 simul
694 1154 947 1195 debilitetur
991 1154 1198 1202 infirmus
1226 1155 1503 1205 permittitur
1542 1169 1593 1195 ea

196 1224 454 1272 debilitatio,
477 1237 556 1263 non
581 1223 820 1263 intenditur
840 1236 910 1262 nec
927 1220 1157 1275 ι’ίῑζξὶΐῑινῗ2

262 1294 350 1333 160.
384 1293 543 1345 Itaque
585 1293 694 1332 ratio
743 1291 874 1343 hujus
923 1292 1136 1344 principii,
1168 1292 1288 1344 quod
1338 1292 1497 1332 attinet
1538 1292 1595 1332 ad

200 1363 387 1416 priorem
411 1361 506 1414 ejus
528 1367 711 1413 partem,
734 1366 811 1407 est,
834 1360 937 1411 quia
962 1359 996 1398 si
1022 1359 1083 1399 ita
1107 1373 1236 1412 agere
1259 1372 1347 1399 non
1370 1359 1530 1408 liceret,
1552 1359 1595 1399 id

201 1436 315 1471 esset
350 1429 417 1470 vel
458 1428 519 1480 (a)
564 1434 744 1481 propter
782 1441 955 1467 causam
999 1427 1139 1480 ipsam
1179 1428 1383 1480 positam,
1421 1427 1489 1468 vel
1529 1425 1594 1479 (b)

203 1503 382 1553 propter
404 1496 569 1536 malum
591 1495 779 1547 effectum
801 1495 1050 1549 praevisum
1083 1509 1141 1534 ex
1172 1509 1223 1535 ea
1245 1501 1508 1544 secuturum,
1530 1495 1600 1535 vel

203 1567 393 1618 denique
445 1564 506 1617 (c)
558 1571 737 1617 propter
788 1564 960 1616 agentis
1012 1563 1292 1604 intentionem.
1391 1564 1599 1615 Jamvero

207 1635 374 1675 nullum
400 1647 457 1672 ex
488 1632 555 1672 his
587 1632 672 1672 dici
704 1638 860 1686 potest.
924 1631 1130 1684 Namque
1162 1631 1204 1670 in
1237 1631 1332 1683 ipsa
1363 1630 1600 1683 hypothesi

207 1703 387 1757 ponitur
425 1698 500 1752 (a),
535 1700 651 1751 quod
694 1700 852 1739 attinet
894 1699 949 1739 ad
992 1711 1186 1747 causam,
1223 1712 1321 1738 eam
1354 1712 1450 1738 esse
1474 1698 1517 1737 in
1553 1711 1600 1738 se

207 1771 384 1817 bonam,
426 1773 502 1807 aut
554 1767 709 1808 saltem
775 1767 1111 1814 indifferentem,
1151 1772 1194 1806 et
1256 1766 1355 1806 ideo
1406 1765 1602 1807 licitam:

209 1838 386 1891 ponitur
410 1835 489 1888 (b),
522 1836 639 1888 quod
677 1836 837 1875 attinet
873 1835 929 1875 ad
966 1834 1170 1887 effectmn,
1193 1835 1346 1874 adesse
1385 1834 1600 1874 rationem

210 1904 539 1960 proportionate
569 1917 748 1957 gravem
781 1917 856 1945 cur
886 1917 1015 1955 agere
1056 1902 1198 1949 liceat,
1233 1908 1434 1954 spectato
1466 1901 1600 1941 etiam

210 1975 368 2017 effectu
416 1973 499 2012 isto
544 1973 660 2012 malo
711 1986 768 2012 ex
819 1972 991 2012 actione
1042 1976 1269 2012 secuturo:
1316 1983 1367 2009 ac
1412 1970 1604 2021 denique

213 2044 390 2098 ponitur
434 2041 492 2093 (c)
531 2040 803 2080 intentionem
840 2041 1011 2092 agentis
1046 2052 1132 2079 non
1169 2052 1263 2078 esse
1299 2034 1605 2086 inhonestam,3

211 2127 265 2153 eo
296 2111 415 2164 quod
448 2122 583 2162 agens
614 2108 681 2148 vel
718 2109 841 2149 unice
878 2109 1066 2148 intendit
1100 2107 1303 2147 effectum
1336 2106 1514 2154 bonum,
1535 2103 1605 2144 vel

213 2181 368 2221 saltem
401 2191 488 2217 non
512 2177 701 2216 intendit
723 2177 924 2217 effectum
949 2176 1111 2216 malum
1136 2176 1216 2215 nisi
1239 2181 1455 2227 quatenus
1477 2173 1595 2226 plan<

215 2249 343 2289 liceat
385 2246 498 2285 hunc
541 2244 745 2285 effectum
798 2245 1035 2293 intendere,
1072 2257 1123 2283 eo
1176 2243 1293 2295 quod
1336 2243 1464 2282 liceat
1505 2252 1603 2280 eum

215 2315 422 2358 adhibere
438 2320 486 2354 ut
508 2313 701 2352 medium
725 2312 904 2352 effectus
925 2311 1029 2351 boni
1053 2311 1374 2363 consequendi;
1397 2310 1607 2363 quoniam

263 2466 271 2484 ¹
290 2466 370 2497 Vid.
389 2465 548 2502 Carriere,
569 2464 621 2494 De
635 2464 786 2503 Justitz'a
804 2467 831 2493 et
846 2463 939 2503 Jure.
959 2463 1048 2493 Part.
1067 2471 1097 2493 2.
1117 2473 1171 2494 nn.
1192 2461 1265 2502 784,
1286 2468 1358 2502 794.

292 2510 345 2540 De
361 2509 468 2549 Lugo,
487 2509 538 2539 De
555 2506 696 2547 Justz‘tia
712 2511 739 2537 et
753 2507 854 2547 Jurc,
875 2506 971 2546 Disp.
995 2513 1042 2537 10.
1063 2511 1140 2537 sect.
1156 2506 1200 2536 vi.
1214 2513 1273 2536 nn.
1296 2505 1366 2543 148,
1393 2512 1462 2544 149.

265 2554 278 2571 ³
293 2552 373 2583 Vid.
392 2553 495 2592 Gury,
514 2551 601 2581 Part.
622 2550 643 2580 i.
663 2559 695 2579 n.
715 2557 747 2589 9.
