1716 2729
154 102 170 130 1
177 91 236 131 06
751 91 982 132 Tractatus
1385 91 1563 146 [GURY,

149 206 382 248 Suaresius
432 214 781 261 argumentatur,
821 215 1006 249 venator
1036 207 1122 258 ille,
1166 208 1200 248 si
1244 208 1306 250 sic
1339 207 1562 248 occideret

150 274 353 322 amicum,
391 289 479 315 non
523 283 640 316 esset
679 276 932 327 homicida;
983 290 1090 330 ergo
1131 290 1275 329 neque
1316 276 1563 317 occidendo

152 343 406 383 inz'mz'cum:
439 346 760 398 consequentia
802 352 939 399 patet,
980 346 1084 398 quia
1125 346 1238 387 ratio
1275 345 1432 399 culpae
1472 357 1561 385 non

150 412 317 465 pendet
357 426 415 452 ex
457 427 503 453 re
545 414 796 454 extrinseca
838 428 957 455 mere
1008 414 1202 465 casuali;
1236 416 1356 468 quod
1408 420 1560 455 autem

148 481 382 535 contingat
437 481 497 522 ibi
543 496 639 522 esse
690 484 883 524 amicum
926 483 995 524 vel
1037 484 1280 533 inimicum,
1323 490 1390 524 est
1442 497 1562 523 mere

146 550 324 590 casuale
344 557 389 591 et
410 550 743 591 extrinsecum.1

209 628 303 670 272.
338 618 497 671 Neque
525 619 675 659 obstat
707 625 916 672 agentern
950 621 1012 661 ita
1042 634 1138 661 esse
1170 621 1321 662 animo
1352 620 1563 661 affectum

149 692 198 727 ut
221 687 379 727 eodem
404 688 550 736 modo,
571 687 711 726 immo
742 688 929 729 fortasse
961 688 1181 737 libentius,
1211 695 1363 742 ageret
1393 690 1430 729 si
1460 702 1563 742 cog-

151 762 354 796 nosceret
375 769 468 796 rem
489 769 625 808 quam
648 757 837 809 ignorat,
870 757 984 798 sicut
1015 764 1212 807 venator,
1235 771 1319 811 v.g.
1351 757 1563 811 sagittam

151 825 349 865 mitteret
369 825 405 865 si
428 832 718 877 cognosceret
739 825 801 866 ibi
825 840 922 866 esse
944 826 1186 867 inimicum.
1263 826 1423 879 Neque
1445 827 1563 866 enim

152 893 277 935 Deus
314 894 358 934 in
394 894 573 948 culpam
611 895 806 948 imputat
839 910 915 936 eos
947 903 1073 937 actus
1102 910 1214 949 quos
1246 896 1394 947 homo,
1416 897 1498 937 etsi
1519 896 1564 936 in

150 962 238 1002 alia
268 961 509 1016 hypothesi
532 963 722 1013 eliceret,
746 965 892 1018 reipsa
913 971 1064 1005 tamen
1087 978 1175 1005 non
1198 965 1326 1006 elicit.
1390 965 1566 1006 Malitia

151 1031 305 1084 utique
327 1045 407 1072 sua
429 1045 518 1072 non
541 1039 661 1072 caret
683 1045 820 1084 prava
843 1033 928 1073 ista
949 1032 1127 1074 affectio
1159 1034 1295 1074 animi
1318 1048 1406 1087 qua
1428 1048 1565 1088 agens

151 1106 333 1152 paratus
357 1106 424 1140 est
445 1114 527 1153 v.g.
551 1100 778 1141 hominem
811 1102 1037 1142 occidere:
1071 1103 1149 1142 sed
1183 1102 1254 1144 hic
1287 1109 1331 1143 et
1364 1116 1494 1151 nunc,
1516 1108 1567 1142 ut

150 1181 244 1208 rem
262 1170 544 1222 prosequitur
564 1168 807 1219 Suamsius,
830 1184 967 1223 agens
989 1171 1097 1210 nihil
1119 1171 1287 1224 cogitat
1304 1171 1360 1211 de
1376 1171 1566 1220 inimico,

150 1250 295 1289 neque
327 1237 446 1277 elicit
477 1238 616 1278 ullum
655 1245 804 1278 actum
835 1239 1078 1279 voluntatis
1101 1239 1217 1279 circa
1238 1239 1376 1287 illum,
1400 1245 1444 1280 et
1465 1239 1568 1280 ideo

148 1318 238 1345 non
260 1312 416 1358 peccat
438 1307 649 1360 sagittam
672 1307 715 1346 in
739 1321 840 1347 eum
863 1307 1154 1360 conjiciendo.

209 1384 305 1426 273.
341 1374 554 1416 COROLL.
595 1379 662 1427 3¹²².
728 1376 831 1416 Non
864 1376 1127 1425 voluntaria,
1160 1390 1236 1417 seu
1270 1377 1568 1418 involuntaria

148 1443 378 1495 privative,
395 1450 500 1484 sunt
513 1458 561 1484 ca
577 1444 816 1498 quaefiunt
828 1458 923 1485 cum
940 1445 1193 1498 zgnorantia
1209 1446 1538 1486 concomitante
1558 1459 1566 1486 :

150 1526 260 1564 quae
280 1526 378 1553 vero
396 1513 522 1567 fiunt
555 1528 607 1554 ea:
625 1514 880 1567 ignorantia
901 1512 1213 1555 antecedente²
1231 1521 1337 1554 sunt
1365 1514 1567 1555 involun-

148 1581 261 1621 taria
301 1582 490 1635 positive
529 1597 600 1622 seu
653 1583 1037 1623 contrarie—Res
1088 1590 1213 1635 patet
1253 1597 1312 1623 ex
1353 1583 1567 1631 terminis,

150 1663 222 1691 nn.
255 1662 326 1702 43,
359 1664 428 1702 44
449 1652 696 1705 expositis;
734 1665 824 1692 non
859 1651 976 1692 enim
1013 1652 1056 1691 in
1094 1652 1239 1705 priore
1272 1665 1389 1701 casu,
1411 1652 1490 1692 sed
1522 1652 1566 1692 in

151 1719 291 1760 altero
312 1726 502 1768 tantum,
524 1721 670 1773 agitur
692 1721 748 1760 de
770 1721 821 1759 iis
854 1734 968 1773 quae
989 1719 1209 1761 voluntati
1231 1720 1537 1761 adversantur.

212 1800 310 1841 274.
345 1790 608 1842 Antequam
646 1790 934 1843 inspiciamus
971 1790 1078 1842 quid
1110 1790 1168 1830 sit
1201 1790 1490 1830 statuendum
1512 1790 1568 1830 de

151 1857 394 1900 invincibili
411 1859 662 1912 ignorantia
679 1859 860 1900 alterius
882 1859 1056 1912 generis
1073 1873 1114 1899 n.
1135 1869 1233 1912 252.
1252 1859 1470 1909 recensiti,
1487 1859 1568 1900 abs

152 1942 198 1968 re
232 1941 320 1968 non
357 1928 438 1968 erit
475 1935 628 1968 notare
652 1928 746 1968 TT.
770 1929 1018 1982 plerosque,
1052 1929 1135 1969 etsi
1169 1930 1259 1969 duo
1293 1928 1368 1968 illa
1403 1941 1568 1981 genera

150 1996 416 2037 invincibilis
437 1997 726 2050 ignorantiae,
749 2004 796 2037 ut
820 2011 964 2051 supra,
990 1997 1282 2050 distinguant,
1302 1997 1567 2051 plerumque

150 2072 314 2114 tamen,
340 2066 384 2105 in
408 2066 636 2106 tradendis
659 2079 710 2106 ac
741 2066 1020 2107 stabiliendis
1043 2066 1267 2119 principiis
1294 2066 1456 2118 quibus
1487 2079 1564 2106 ex-

151 2141 344 2188 ponatur
366 2141 586 2187 quatenus
624 2135 877 2187 ignorantia
914 2136 1173 2176 adversetur
1209 2134 1408 2174 humano
1430 2135 1567 2175 modo

152 2204 327 2257 agendi,
349 2204 531 2244 omnino
569 2204 923 2257 praetermittere
959 2203 1149 2244 alterum
1185 2216 1325 2256 genus
1349 2216 1439 2255 quo
1476 2216 1565 2243 non

151 2272 418 2313 excludatur
458 2272 649 2325 suspicio
691 2279 769 2312 aut
809 2272 1024 2325 cogitatio
1065 2272 1126 2312 rei
1168 2284 1282 2324 quae
1323 2272 1563 2324 ignoratur.

197 2423 208 2443 1
222 2424 275 2454 Ita
294 2423 476 2457 Suaresius.
506 2423 560 2454 Tr.
578 2423 615 2453 de
636 2423 841 2458 VoluntariaP
858 2423 958 2464 Disp.
976 2432 1009 2461 4.
1033 2428 1116 2454 sect.
1140 2423 1176 2453 ii.
1202 2432 1234 2453 n.
1265 2430 1315 2453 12.
1363 2422 1444 2453 Vid.
1461 2422 1564 2454 etiam

153 2466 252 2502 Viva,
282 2467 402 2508 Opusc.
435 2467 544 2498 Theol.
578 2467 704 2498 Μοναί.
723 2467 767 2497 l..
795 2467 934 2507 Quaest.
967 2466 1016 2497 iii.
1049 2472 1111 2498 art.
1145 2475 1185 2501 2:
1213 2466 1399 2507 Laymann,
1426 2466 1503 2497 Lib.
1531 2473 1563 2498 1.

154 2518 247 2542 tract.
270 2511 306 2542 ii.
325 2521 396 2552 (ΒΡ.
417 2511 462 2542 iv.
480 2521 514 2540 n.
533 2510 574 2546 8;
601 2511 737 2552 Sporer,
758 2511 872 2542 Tract.
894 2518 922 2541 1.
939 2520 1012 2551 cap.
1029 2510 1064 2541 ii.
1082 2520 1116 2540 n.
1136 2517 1188 2551 35.

196 2554 209 2573 ‘2
224 2554 303 2586 vid.
319 2561 427 2585 antffl.
441 2565 477 2585 n.
496 2562 571 2593 241.
