1716 2729
176 115 190 142 1
201 104 254 143 82
769 101 808 140 T
806 106 999 140 metatus
1402 95 1494 149 [GU
1502 104 1582 144 RV,

170 226 241 259 tur
262 225 311 260 ut
349 219 546 258 medium
584 219 641 259 ad
675 217 827 258 bonum
865 216 998 256 finem
1032 213 1410 267 consequendum,
1432 226 1458 251 a
1490 211 1583 265 pari

170 288 290 328 idem
313 287 553 328 dicendum
577 300 672 327 esse
695 299 833 339 quum
856 285 953 338 quis
976 282 1232 336 hujusmodi
1256 287 1405 320 actum
1428 293 1581 332 opera-

170 362 242 396 tur
263 362 311 396 ut
334 355 530 395 medium
555 355 610 395 ad
634 354 998 407 consequendum
1021 352 1155 392 finem
1179 349 1491 402 indzfferentem
1514 347 1535 387 ,9

234 433 327 476 510.
360 424 437 464 Ad
471 423 581 464 haec
618 424 953 476 respondemus,
985 435 1087 462 cum
1109 419 1214 461 AA.
1243 433 1283 457 n.
1310 426 1404 469 507.
1428 416 1585 466 citatis,

172 494 381 547 negando
432 493 681 546 paritatem.
748 492 997 544 Disparitas
1039 491 1082 530 in
1124 503 1177 529 eo
1220 486 1422 529 consistit
1464 485 1584 539 quod

173 564 383 612 medium,
405 577 491 615 qua
520 562 710 602 medium
747 568 818 611 est,
841 575 930 601 non
964 560 1208 601 intenditur
1230 558 1312 598 nisi
1335 563 1383 597 ut
1420 556 1585 596 condu-

172 647 276 674 cens
314 634 370 673 ad
407 631 567 673 finem:
596 631 798 685 jamvero
830 631 873 670 in
907 631 1051 683 priore
1072 643 1176 669 casu
1202 627 1281 680 (a),
1312 627 1367 667 de
1402 639 1491 679 quo
1514 638 1587 664 nn.

171 712 375 755 497-499.
396 701 626 753 agebatur,
650 714 795 740 sermo
819 707 911 740 erat
936 699 990 738 de
1014 698 1170 738 mediis
1193 711 1308 750 quae
1331 709 1419 735 non
1442 693 1586 734 solum

172 787 230 812 cx
263 786 309 812 se
341 771 531 811 honesta
554 775 668 818 sunt,
693 770 771 809 sed
804 769 940 808 etiam
974 767 1030 807 ad
1063 766 1197 806 finem
1222 765 1489 810 conducunt,
1511 775 1586 801 seu

173 842 322 882 media
359 846 476 890 sunt,
497 853 582 892 qna
611 845 717 879 smzt
735 838 944 884 lc072esla,·
979 835 1236 889 hujusmodi
1273 835 1409 888 igitur
1429 831 1590 877 media,

172 924 311 964 quum
334 910 624 950 intendantur
645 922 734 962 qua
756 906 896 947 media
919 911 1034 955 sunt,
1055 904 1348 945 intenduntur
1369 916 1457 955 qua
1487 907 1590 942 sunt

172 980 392 1031 llcmcstczss
428 988 471 1022 et
504 982 605 1021 ideo
626 980 782 1020 directe
804 978 1048 1019 intenditur
1078 991 1230 1018 eorum
1263 977 1486 1024 honestas,
1507 975 1589 1015 etsi

174 1066 262 1092 non
286 1057 334 1091 ut
357 1050 455 1091 finis
488 1050 652 1103 agendi
674 1063 682 1090 ε
720 1049 763 1088 in
787 1062 890 1088 casu
913 1061 1016 1088 vero
1041 1046 1114 1100 (b),
1135 1047 1191 1087 de
1229 1059 1318 1098 quo
1340 1045 1410 1085 hic
1444 1057 1589 1084 sermo

173 1128 251 1169 est,
295 1119 443 1173 agitur
483 1118 539 1158 de
572 1117 743 1166 mediis,
781 1129 910 1169 quae,
956 1115 1039 1155 etsi
1076 1121 1180 1156 sunt
1214 1129 1272 1155 ex
1313 1127 1359 1154 56
1392 1113 1579 1152 honesta

173 1196 325 1229 tamen
350 1200 440 1228 non
475 1193 578 1227 sunt
600 1186 789 1226 honesta
810 1199 894 1238 qua
924 1184 1067 1224 media
1089 1191 1204 1233 sunt,
1228 1197 1366 1237 quum
1403 1181 1502 1222 finis
1534 1181 1591 1221 ad.

175 1272 308 1311 quem
331 1256 588 1298 conducunt
611 1254 867 1296 indifferens
889 1254 958 1300 sit,
981 1253 1038 1293 ad
1061 1267 1194 1306 quem
1227 1252 1408 1306 quidem
1431 1250 1591 1291 eodem

176 1327 311 1367 modo
349 1325 650 1366 conducerent
693 1323 869 1364 etiamsi
912 1337 970 1363 ex
1012 1336 1060 1362 56
1102 1321 1412 1370 indifferentia,
1455 1320 1593 1359 immo

176 1395 351 1435 etiamsi
396 1392 634 1433 inhonesta
689 1398 862 1442 essent3
906 1392 1118 1432 honestas
1161 1391 1295 1444 igitur
1336 1387 1592 1442 hujusmodi

176 1464 439 1512 mediorum,
478 1476 615 1516 quum
654 1462 946 1502 intenduntur
976 1467 1149 1501 tanturn
1187 1475 1272 1514 qua
1306 1458 1447 1500 media
1477 1465 1593 1508 sunt,

176 1548 264 1575 non
308 1533 556 1574 intenditur
597 1532 763 1581 directe,
807 1539 851 1572 et
893 1533 994 1573 ideo
1038 1546 1126 1573 non
1168 1537 1319 1585 potest
1360 1529 1511 1581 agenti
1548 1528 1593 1568 in

175 1605 354 1646 laudem
376 1603 521 1644 tribui.

237 1683 330 1725 511.
367 1674 594 1725 Exemplo
627 1686 719 1712 rem
757 1671 926 1724 optime
950 1670 1137 1723 exponit
1172 1665 1595 1722 Arriaga,²“decla-

176 1742 353 1791 rando,’'
406 1748 454 1781 ut
506 1741 581 1790 ait,
635 1740 979 1781 “diversitatem
1032 1739 1147 1779 inter
1198 1739 1308 1778 duas
1356 1738 1597 1778 electiones

177 1812 377 1864 ejusdem
430 1810 563 1850 medii
615 1809 804 1858 honesti,
857 1822 991 1848 unam
1045 1808 1103 1848 ob
1156 1806 1289 1847 finem
1341 1806 1594 1854 honestum,

176 1881 363 1921 alteram
388 1879 444 1919 ob
467 1879 820 1919 indifferentem:
845 1877 1168 1918 comestionem
1190 1891 1272 1929 vg.
1297 1883 1594 1929 temperatam

179 1951 295 2003 eligo
318 1950 375 1989 ob
400 1949 548 1989 Deum
582 1962 757 1989 summe
798 1948 1026 1997 dilectum,
1051 1947 1155 2000 quia
1178 1946 1253 1987 illa
1286 1960 1419 1999 quum
1440 1946 1501 1986 sit
1534 1961 1593 1987 ex

179 2036 225 2061 se
247 2020 432 2068 honesta,
456 2019 556 2058 Deo
594 2018 769 2070 placet;
808 2017 998 2057 eandem
1020 2015 1136 2068 eligo
1153 2015 1238 2055 alia
1259 2015 1354 2055 vice
1378 2015 1436 2055 ob
1458 2015 1591 2055 finem

178 2092 283 2133 boni
306 2090 510 2139 nominis,
533 2102 587 2128 ne
610 2089 731 2128 dicar
752 2087 934 2140 gulosus
960 2089 1022 2139 (et
1053 2099 1169 2140 pone
1201 2085 1317 2126 hunc
1340 2085 1474 2125 finem
1498 2099 1594 2126 esse

179 2162 223 2201 in
261 2174 307 2200 se
341 2157 702 2209 indifferentem).
770 2157 819 2196 In
856 2157 1001 2208 primo
1036 2168 1140 2196 casu
1180 2155 1376 2194 medium
1412 2153 1520 2194 illud
1543 2167 1595 2193 ea

180 2229 377 2283 praecise
400 2228 569 2268 ratione
606 2226 781 2278 eligitur
813 2239 897 2277 qua
929 2231 992 2264 cst
1021 2224 1255 2273 honestum,
1292 2224 1396 2276 quia
1418 2237 1470 2264 ea
1502 2222 1596 2264 sola

227 2394 233 2411 ¹
254 2394 333 2425 Vid.
352 2398 463 2430 antea,
483 2403 516 2424 n.
533 2391 609 2432 498.

225 2438 237 2457 ‘³
255 2438 410 2476 Arriaga,
440 2437 494 2467 De
522 2435 658 2467 Actibus
687 2436 872 2471 Humanis,
903 2435 1000 2475 Disp.
1032 2442 1081 2474 13.
1102 2439 1181 2465 sect.
1217 2442 1245 2464 1.
1263 2433 1407 2464 subsect.
1434 2432 1467 2463 ii.
1491 2443 1525 2463 n.
1545 2437 1596 2472 37.

184 2480 370 2521 (clarissimi
388 2486 498 2511 tamen
516 2479 662 2510 auctoris
678 2478 788 2509 verbis
812 2478 929 2508 ordine
956 2478 1166 2518 aliquatenus
1192 2478 1323 2507 diverso
1345 2476 1399 2507 hic
1415 2475 1596 2517 dispositis,

181 2530 214 2555 ut
234 2524 354 2555 clarius
378 2524 529 2554 videatur
541 2522 712 2564 quomodo
730 2522 896 2552 illustrent
913 2532 952 2552 ea
968 2532 1053 2562 quae
1071 2532 1129 2551 nn.
1148 2527 1295 2561 497-500
1321 2525 1354 2551 et
1380 2527 1524 2561 507-510
1540 2529 1594 2550 ex-

180 2568 292 2608 posita
308 2566 409 2607 sunt).
461 2567 541 2598 Vid.
559 2566 662 2597 etiam
682 2565 824 2596 Billuart
843 2570 874 2596 et
893 2565 1031 2602 Henno,
1051 2575 1082 2595 n.
1101 2571 1176 2605 507.
1196 2565 1285 2595 citat.
