1716 2729
134 92 212 122 nn.
236 80 310 130 28;
330 90 394 130 31,
415 78 503 131 32.]
592 77 644 118 a'e
663 75 847 117 Actibus
868 76 1103 117 Humanis.
1459 90 1542 132 207

193 194 288 236 600.
323 193 398 235 Sic
428 207 511 247 vg.
543 192 732 245 exponit
764 192 952 232 Billuart
975 192 1098 232 “hoc
1140 201 1427 247 praeceptum
1475 226 1485 236 .
1532 227 1542 236 .

136 276 223 303 non
246 276 342 303 esse
365 275 507 315 neque
539 261 670 301 nimis
709 261 955 313 rigorosum
993 268 1069 301 aut
1106 275 1218 302 onus
1254 263 1543 315 intolerabile,

133 345 278 383 neque
301 345 359 371 ex
381 344 434 370 eo
455 329 581 382 sequi
602 328 806 368 homines
838 328 1051 368 continuo
1084 337 1265 381 peccare
1287 345 1295 381 ;
1328 332 1431 383 quia
1454 346 1543 373 non

133 399 396 452 requirimus
417 397 625 438 actualem
648 396 907 437 relationem
944 397 986 436 in
1021 396 1154 437 finem
1177 398 1413 440 honestum
1449 433 1458 442 .
1492 434 1500 441 .

133 468 211 508 sed
247 466 407 508 sufficit
441 465 660 514 virtualis,
682 478 798 517 quae
831 464 1021 506 habetur
1053 466 1095 505 vi
1132 466 1392 508 intentionis
1415 476 1543 520 prac-

131 535 313 575 cedentis
351 533 547 582 actualis,
588 533 748 573 saltem
781 531 1011 585 generalis,
1051 533 1228 574 vivendi
1285 541 1329 575 et
1370 549 1546 590 semper

132 604 294 657 agendi
317 603 562 644 secundum
587 601 820 650 rationem,
843 607 887 641 et
910 601 1080 642 meliori
1111 615 1200 654 quo
1222 609 1372 656 potest
1395 607 1544 650 modo,

132 685 246 724 quae
268 671 514 712 virtualiter
535 676 786 723 perseveret
816 669 906 710 m'si
937 677 1155 711 revocetur
1174 678 1257 724 per
1275 673 1542 714 contrariam

131 739 423 780 intentionem.

189 809 285 850 601.
317 808 461 848 “Non
483 804 631 860 ergo,”
653 806 728 854 ait,
759 810 857 847 “ex
894 813 1044 847 nostra
1076 809 1312 859 sententia,
1345 811 1545 863 sequitur

131 878 174 917 in
196 878 263 918 his
278 877 591 918 communibus
605 883 649 918 et
666 877 838 917 levibus
855 876 1106 917 actionibus
1123 879 1337 919 continuo
1355 881 1542 934 peccari,

130 946 236 998 quia
259 946 329 986 vel
363 945 612 987 virtualiter
644 945 895 985 referuntur
931 945 988 985 ad
1025 945 1160 986 finem
1198 947 1450 998 honestum,
1472 949 1543 989 vel

129 1020 234 1055 sunt
270 1014 600 1063 indeliberatae,
621 1019 671 1054 ut
704 1013 927 1070 ordinarie
964 1014 1137 1054 accidit.
1215 1015 1348 1068 Quod
1383 1017 1418 1057 si
1452 1018 1543 1058 sint

130 1083 401 1124 deliberatae
418 1089 462 1123 et
485 1084 541 1124 ad
564 1082 736 1123 nullum
759 1081 894 1122 finem
916 1079 1155 1123 honestum
1175 1083 1433 1135 referantur,
1454 1099 1542 1126 non

129 1157 198 1192 est
234 1152 546 1194 inconveniens
582 1165 657 1192 eas
693 1157 954 1204 computare
985 1152 1100 1192 inter
1129 1159 1342 1205 peccata.
1376 1185 1386 1195 .
1416 1186 1426 1195 .
1490 1154 1542 1195 In

127 1220 378 1260 actionibus
409 1220 606 1270 ludendi,
630 1233 677 1260 se
709 1219 1010 1269 calefaciendi,
1031 1222 1309 1268 comedendi.
1343 1222 1541 1275 bibendi,

130 1294 175 1329 et
215 1289 444 1338 similibus,
487 1302 576 1329 non
621 1289 683 1329 ita
723 1288 977 1340 frequenter
1028 1295 1077 1329 ut
1131 1289 1314 1343 fingitur
1354 1297 1543 1344 peccant

129 1356 332 1396 homines
365 1357 504 1409 probi,
534 1356 638 1409 quia
671 1370 759 1396 non
792 1369 890 1396 raro
922 1356 1171 1397 referuntur
1199 1358 1457 1400 virtualiter
1484 1361 1541 1401 ad

130 1424 264 1465 finem
318 1424 558 1465 honestum
624 1425 684 1477 (in
737 1425 933 1477 generali
984 1426 1235 1467 intentione
1295 1428 1543 1470 virtualiter

130 1500 401 1544 remanente,
444 1507 580 1547 quam
624 1494 813 1546 quilibet
860 1494 927 1533 vir
966 1494 1132 1547 probus
1174 1509 1351 1549 semper
1390 1497 1541 1548 habet,

128 1560 306 1601 vivendi
329 1567 373 1602 et
394 1562 558 1613 agendi
580 1575 756 1615 semper
772 1563 1017 1603 secundum
1049 1563 1279 1614 rationem,
1303 1571 1347 1605 et
1370 1566 1540 1607 meliori

129 1643 218 1682 quo
241 1636 389 1682 potest
413 1631 548 1671 modo
567 1644 576 1681 3
599 1637 706 1671 tunc
727 1631 846 1671 enim
869 1630 971 1670 illae
993 1631 1194 1672 actiones
1217 1663 1227 1672 .
1258 1665 1267 1674 .
1290 1633 1541 1675 referuntur

127 1699 372 1740 virtualiter
387 1700 443 1740 ad
458 1699 590 1740 finem
607 1699 876 1751 honestum),
890 1713 1050 1753 nempe
1062 1700 1117 1740 ad
1137 1706 1301 1741 rectam
1316 1707 1360 1742 et
1373 1702 1540 1744 bonam

129 1767 440 1808 habitudinem
463 1768 672 1821 corporis,
694 1774 912 1820 quantum
936 1769 1181 1809 necessaria
1203 1775 1270 1810 est
1292 1771 1347 1811 ad
1371 1785 1473 1812 suas
1496 1778 1541 1813 et

130 1836 305 1876 animae
326 1833 630 1877 functiones.'’1

129 1928 132 1930 -
188 1905 287 1945 602.
322 1904 396 1944 Ex
412 1904 557 1945 verbis
579 1906 725 1946 citatis
747 1905 871 1958 sequi
893 1906 1070 1946 videtur
1090 1906 1385 1948 intentionem
1403 1922 1538 1961 quam

131 1973 273 2026 exigit
307 1972 495 2014 Billuart
528 1974 675 2028 reipsa
708 1987 797 2014 non
835 1987 932 2014 esse
975 1974 1220 2025 virtualem,
1242 1989 1372 2017 sensu
1406 1991 1539 2030 supra

131 2054 170 2080 n.
209 2041 276 2081 68.
312 2040 535 2094 exposito,
579 2043 656 2083 sed
699 2041 900 2083 sufficere
941 2042 1220 2084 habitualem.
1300 2044 1393 2085 Alii
1434 2060 1539 2086 vero

130 2111 380 2151 sententiae
415 2110 546 2164 hujus
588 2112 764 2165 patroni
817 2112 1112 2153 intentionem
1155 2114 1330 2167 proprie
1371 2115 1537 2156 dictam

130 2179 364 2219 virtualem
397 2179 611 2232 exigunt;
642 2181 704 2220 sic
730 2195 817 2234 vg.
848 2180 996 2222 Collet
1028 2183 1298 2223 sententiam
1331 2183 1540 2226 Thomis-

131 2253 276 2287 tarum
342 2261 628 2301 propugnans
687 2249 876 2302 exponit
930 2250 1223 2292 intentionem
1279 2254 1537 2305 requisitam

133 2314 354 2367 ejusmodi
406 2329 502 2356 esse
553 2330 668 2369 quae
720 2317 911 2370 profluat
963 2333 1021 2359 ex
1073 2319 1319 2361 intentione
1374 2323 1538 2364 actuali

133 2384 386 2436 praeterita,
442 2387 462 2403 “
481 2398 563 2425 non
617 2392 853 2427 retractata
869 2386 889 2402 ’'
937 2401 1015 2440 per
1063 2395 1213 2429 actum
1253 2392 1537 2444 contrarium,

350 2532 357 2552 ¹
377 2532 529 2572 Billuart,
554 2533 609 2565 Tr.
629 2534 667 2565 de
681 2536 753 2567 Act.
775 2536 961 2574 Humanis,
981 2535 1071 2567 Diss.
1088 2546 1120 2575 4.
1140 2543 1199 2568 art.
1217 2537 1260 2569 vi.
1296 2566 1298 2568 ,
