1716 2729
208 96 222 124 1
233 94 285 136 72
745 76 749 80 ”
795 83 1028 123 Tractatus
1441 78 1534 130 [GU
1540 88 1617 129 RV,

258 210 357 252 472.
397 199 518 240 Finis
541 199 677 253 operis
700 199 772 240 ille
805 205 871 239 est
895 199 951 239 ad
975 212 1107 251 quem
1131 212 1244 251 opus
1267 211 1325 237 ex
1349 210 1428 237 sua
1460 201 1618 236 natura

199 271 373 310 tendit:
417 270 478 310 sic
520 284 601 322 vg.
640 269 874 309 sublevare
913 269 1135 307 miseriam
1171 266 1378 321 pauperis
1414 271 1483 306 est
1503 265 1619 319 finis

199 339 336 392 operis
358 339 682 391 eleemosynae.
746 338 922 377 Dicitur
944 336 1043 376 finis
1066 337 1187 389 operi
1218 335 1490 383 intrinsecus,
1514 334 1618 387 quia

199 422 312 462 opus
334 408 451 449 hunc
474 407 608 447 finem
635 421 692 448 ex
715 421 795 447 sua
817 413 976 447 natura
998 406 1145 454 habet,
1170 407 1231 446 ita
1264 411 1311 445 ut
1335 404 1458 445 nullo
1482 404 1619 444 modo

199 479 395 531 pendeat
417 491 475 516 ex
502 477 750 517 intentione
772 476 958 528 agentis.

256 557 353 598 473.
390 547 510 586 Finis
542 545 758 598 operantis
791 544 863 584 ille
897 550 963 584 est
986 557 1119 597 quem
1144 556 1281 596 agens
1305 541 1361 582 ad
1385 541 1616 582 arbitrium

199 617 281 656 sibi
306 615 561 656 constituit:
599 614 662 654 sic
679 628 763 666 vg.
790 613 879 653 fieri
905 619 1055 666 potest
1079 618 1127 653 ut
1150 613 1247 665 quis
1282 611 1617 662 eleemosynam

198 687 412 739 largiatur
432 684 501 725 vel
525 685 580 724 ad
613 684 821 737 pauperis
845 684 1066 723 miseriam
1100 683 1437 731 sublevandam,
1458 680 1528 721 vel
1562 681 1618 721 ad

199 768 360 794 vanam
398 754 586 806 gloriam
625 753 1016 806 consequendam;
1056 751 1100 792 hi
1135 752 1281 805 igitur,
1306 751 1340 791 si
1379 750 1435 790 ab
1458 755 1619 803 agente

198 823 281 863 sibi
317 827 635 876 proponantur,
657 827 786 861 erunt
809 820 918 861 fines
956 820 1182 872 operantis.
1247 819 1369 859 Finis
1404 817 1622 872 operantis

196 892 359 932 dicitur
381 904 561 944 quoque
598 889 697 929 finis
721 890 843 942 operi
881 889 1151 939 e.2·l7'2'nsecns‚
1174 889 1278 941 quia
1301 901 1390 927 non
1414 887 1620 940 provenit

197 974 256 1001 ex
279 961 376 1013 ipsa
407 959 551 1013 operis
589 965 759 1005 natura,
784 959 878 1006 sed,
901 964 947 998 ut
982 957 1084 998 huic
1106 959 1291 997 omnino
1329 956 1620 1006 extrinsecus,

197 1029 254 1069 ab
274 1033 435 1081 agente
458 1028 540 1068 sibi
563 1028 836 1081 proponitur.

254 1108 350 1149 474.
387 1097 460 1137 Ex
483 1097 613 1137 dictis
639 1103 764 1150 patet
787 1095 879 1136 fieri
904 1109 1034 1149 posse
1061 1097 1124 1150 (a)
1149 1101 1196 1135 ut
1220 1095 1340 1136 idem
1364 1094 1496 1135 simul
1520 1094 1620 1133 finis

196 1168 253 1207 sit
275 1173 371 1207 tum
405 1166 541 1219 operis
577 1172 672 1206 tum
710 1166 958 1218 operantis:
993 1170 1070 1205 aut
1096 1164 1155 1217 (b)
1182 1171 1229 1204 ut
1262 1164 1371 1204 fines
1409 1162 1546 1216 operis
1577 1169 1621 1203 et

196 1235 411 1288 operantis
432 1236 615 1275 omnino
637 1235 800 1276 diversi
823 1235 1061 1275 sint.—De
1084 1234 1179 1274 solo
1212 1233 1300 1274 fine
1318 1233 1534 1286 operantis
1549 1232 1621 1273 hic

195 1304 420 1358 agendum
443 1310 510 1344 est
533 1319 541 1354 ;
574 1305 740 1358 quippe
763 1305 839 1358 qui
862 1303 995 1353 solus,
1019 1309 1194 1356 praeter
1215 1302 1444 1355 objectum
1469 1308 1514 1342 et
1537 1301 1621 1341 cir-

196 1373 503 1421 cumstantias,
536 1374 592 1413 ad
626 1379 752 1414 actus
788 1372 1090 1413 moralitatem
1126 1370 1359 1421 conferat;
1394 1383 1498 1410 nam
1522 1369 1621 1409 finis

198 1442 335 1495 operis
356 1442 399 1481 in
424 1441 519 1495 ipso
544 1441 724 1494 objecto
747 1440 1153 1494 comprehenditur.

256 1578 353 1620 475.
388 1566 799 1612 Divisio—Finis
860 1567 1077 1620 operantis
1157 1565 1463 1619 multipliciter
1532 1564 1622 1604 dis-

198 1638 427 1691 tinguitur.

257 1705 355 1756 476.
391 1706 472 1745 Est
501 1708 540 1745 ΙΟ
565 1706 797 1758 proximus
828 1704 896 1744 vel
932 1711 1127 1744 remotus.
1190 1702 1429 1742 Proximus
1450 1701 1522 1741 ille
1553 1707 1620 1742 est

199 1774 274 1827 qui
312 1774 558 1814 intenditur
595 1773 716 1813 nullo
753 1772 841 1813 alio
877 1771 1152 1825 interposito.
1217 1771 1427 1810 Remotns
1448 1769 1521 1809 ille
1554 1776 1620 1810 est

199 1843 274 1895 qui
298 1843 543 1883 intenditur
577 1843 804 1890 mediante
837 1842 925 1882 alio
963 1842 1062 1882 fine.
1127 1841 1198 1882 Sic
1234 1855 1315 1894 vg.
1339 1853 1477 1894 quum
1516 1853 1620 1892 ope-

201 1913 338 1952 rarius
362 1911 535 1952 laborat
558 1916 606 1951 ut
644 1911 870 1963 stipendio
906 1917 1095 1963 accepto
1118 1910 1287 1950 victum
1326 1909 1408 1949 sibi
1442 1908 1621 1961 suisque

200 1986 442 2033 comparet,
465 1980 739 2032 stipendium
777 1986 843 2020 est
869 1980 1099 2031 proximus
1135 1978 1298 2018 laboris
1338 1977 1448 2027 finis,
1486 1983 1621 2030 atque

199 2050 342 2089 victus
363 2049 465 2088 inde
489 2049 817 2101 comparandus
840 2054 907 2088 est
931 2047 1028 2087 finis
1052 2053 1247 2087 remotus.

258 2128 354 2170 477.
390 2118 471 2158 Est
495 2121 538 2157 2⁰
561 2117 742 2157 ultimus
763 2117 833 2157 vel
865 2131 946 2156 mm
971 2117 1165 2157 ultz'nms.
1236 2115 1429 2155 Ultimus
1460 2114 1531 2154 ille
1554 2119 1621 2154 est

201 2187 275 2240 qui
313 2186 539 2240 appetitur
571 2186 744 2225 ratione
780 2186 863 2235 sui,
888 2186 949 2225 ita
972 2191 1020 2224 ut
1043 2198 1180 2237 agens
1214 2184 1258 2224 in
1289 2198 1342 2224 eo
1365 2184 1506 2232 sistat,
1531 2196 1620 2222 non

200 2255 392 2296 referens
427 2267 527 2294 eum
565 2254 621 2293 ad
658 2253 791 2292 finem
827 2253 1093 2293 ulteriorem.
1158 2252 1279 2292 Finis
1313 2265 1395 2291 πονε
1437 2250 1621 2290 ultimus

202 2337 280 2364 seu
327 2320 611 2362 intermedius
651 2321 724 2361 ille
767 2329 834 2361 est
876 2321 951 2373 qui
980 2321 1221 2373 ‘appetitur
1262 2325 1445 2373 propter
1487 2317 1619 2359 finem

200 2392 469 2432 ulteriorem.
535 2389 602 2431 Sit
640 2389 900 2442 exemplum
934 2389 1120 2441 alicujus
1153 2389 1227 2441 qui
1252 2388 1410 2429 studiis
1447 2386 1618 2428 theolo-

202 2460 308 2513 gicis
361 2459 623 2498 incumbens
678 2457 743 2510 (a)
796 2457 929 2497 finem
982 2457 1064 2497 sibi
1122 2457 1333 2510 proponit
1385 2455 1617 2495 scientiam

202 2529 532 2582 acquirendam,
556 2526 656 2566 ideo
679 2532 828 2566 autem
855 2525 914 2578 (b)
937 2525 1170 2566 scientiam
1195 2525 1290 2565 vult
1322 2524 1548 2577 acquirere
1572 2528 1619 2562 ut
