1716 2729
150 117 173 146 2
181 117 203 145 2
210 117 233 145 2
741 106 971 148 Tractatus
1383 105 1562 162 [GURY,

202 255 210 264 .
253 220 406 262 bibere
427 221 496 262 vel
520 223 754 264 comedere
775 224 833 264 ob
856 223 998 264 solam
1022 223 1302 277 voluptatem
1355 255 1364 264 .
1404 254 1414 264 .
1468 237 1559 265 non

149 291 350 344 sequitur
370 291 706 344 impossibilitas
739 298 864 333 actus
897 292 1190 333 indifferentis
1222 292 1266 332 in
1299 292 1558 346 individu03

150 373 254 400 nam
296 360 499 413 quamvis
548 360 755 414 voluptas
805 361 1069 402 comedendi
1124 363 1186 413 (et
1236 367 1562 414 consequenter

150 429 292 469 multo
315 429 456 482 magis
477 429 684 482 voluptas
715 436 840 471 actus
872 429 1139 484 conjugalis)
1163 443 1251 470 non
1282 430 1339 470 sit
1371 429 1563 471 intendi-

149 498 250 538 bilis
283 504 464 551 propter
495 511 542 538 se
572 498 666 538 sine
688 505 885 552 peccato,
908 505 1057 552 potest
1078 505 1230 540 tamen
1253 512 1349 539 esse
1370 499 1560 540 intendi-

149 566 250 608 bilis
272 566 359 607 alia
380 565 625 620 voluptaS.'’

208 635 304 687 646.
339 636 579 676 Rationem
603 636 791 689 primam
817 637 878 677 sic
900 637 1048 678 tradit.
1111 636 1366 690 “Quamvis
1389 636 1562 677 dicatur

149 705 298 754 homo,
321 711 478 758 utpote
514 705 757 756 rationalis,
796 706 933 747 teneri
972 705 1153 746 ulterius
1190 706 1395 746 ordinare
1419 706 1562 759 volup-

147 780 283 814 tatem
317 787 425 826 quae
455 779 517 813 cst
552 774 638 826 ipsi
675 774 912 814 communis
946 788 1041 814 cnm
1082 773 1242 823 belluis,
1278 780 1431 814 tamen
1472 787 1561 814 non

151 842 350 895 sequitur
385 843 504 894 quod
542 848 746 883 teneatur
781 842 864 883 sub
906 848 1092 895 peccato
1134 842 1316 882 ulterius
1357 843 1563 883 ordinare

150 911 287 951 etiam
308 910 424 951 alias
444 911 679 964 voluptates
698 911 786 952 sibi
805 911 1024 964 proprias,
1050 925 1133 964 vg.
1158 912 1310 952 audire
1333 912 1562 960 musicam,

145 980 339 1022 olfacere
360 980 525 1029 florem,
544 979 612 1020 vel
629 979 815 1020 lustrare
836 979 1166 1029 bibliothecam,
1185 985 1262 1020 aut
1283 980 1392 1021 tubo
1415 980 1564 1033 optico

150 1050 213 1090 uti
256 1049 312 1089 ad
354 1049 548 1089 videnda
588 1047 844 1101 longinqua,
886 1047 991 1090 ludo
1043 1061 1131 1088 non
1175 1048 1293 1089 malo
1335 1048 1564 1089 moderate

149 1117 312 1166 ludere,
345 1119 454 1158 etc.'’

207 1186 303 1237 647.
338 1185 515 1227 Deinde
547 1184 733 1226 alteram
770 1186 907 1226 tradit
944 1185 1173 1225 rationem.
1237 1183 1392 1238 “Quia
1413 1184 1564 1239 hujus-

152 1256 275 1296 modi
297 1254 552 1308 voluptates
577 1253 685 1308 [jam
709 1253 972 1307 recensitae]
1002 1254 1059 1294 ad
1081 1253 1165 1294 hoc
1188 1254 1333 1307 ipsum
1357 1268 1382 1295 a
1404 1260 1564 1296 natura

150 1327 380 1368 institutae
401 1332 504 1366 sunt
526 1331 575 1366 ut
597 1325 772 1365 animus
793 1325 1015 1365 humanus
1039 1324 1290 1366 relaxetur:
1322 1331 1367 1366 at
1390 1338 1478 1365 non
1502 1325 1564 1366 ita

147 1395 357 1449 voluptas
398 1394 599 1434 ciborum
642 1399 718 1434 aut
760 1407 1081 1443 venereorum;
1129 1393 1234 1446 quia
1275 1393 1420 1447 prima
1462 1394 1564 1435 ideo

151 1464 307 1505 addita
329 1468 396 1504 est
419 1462 519 1503 cibo
542 1468 586 1502 et
603 1462 729 1516 potui
762 1468 810 1502 ut
843 1461 979 1502 homo
1003 1461 1173 1502 facilius
1205 1462 1256 1501 iis
1279 1467 1486 1512 uteretur,
1509 1462 1565 1503 ad

153 1531 498 1572 sustentandum
552 1531 780 1584 proprium
833 1530 1112 1571 individuum
1138 1544 1147 1581 3
1195 1530 1336 1571 altera
1386 1545 1490 1571 vero
1541 1545 1566 1571 a

151 1606 311 1641 natura
343 1600 498 1640 addita
532 1605 599 1639 est
635 1604 684 1638 ut
717 1598 854 1639 homo
895 1599 1063 1639 subiret
1104 1612 1238 1639 onera
1280 1599 1566 1649 matrimonii,

153 1682 268 1721 quae
289 1674 393 1708 sunt
414 1667 544 1708 valde
578 1666 742 1720 gravia,
765 1673 808 1707 et
841 1667 903 1707 sic
935 1673 1257 1720 propagaretur
1288 1667 1356 1708 vel
1392 1681 1566 1708 conser-

153 1743 332 1777 varetur
352 1736 520 1790 species
542 1735 740 1775 humana
786 1767 793 1774 .
845 1768 854 1776 .
904 1735 1053 1789 Quare
1075 1736 1149 1788 qui
1173 1735 1242 1775 his
1262 1735 1566 1789 voluptatibus

153 1805 312 1846 fruitur
333 1810 514 1858 propter
535 1818 581 1844 se
615 1804 749 1857 ipsa5‚
774 1810 818 1844 et
852 1817 941 1844 non
977 1810 1154 1845 tantum
1187 1804 1325 1845 utitur
1346 1805 1390 1845 in
1414 1805 1568 1846 ordine

156 1875 212 1915 ad
247 1873 356 1914 fines
378 1887 404 1914 a
436 1878 594 1913 natura
628 1872 835 1922 intentos,
858 1872 1035 1913 invertit
1069 1872 1271 1913 ordinem
1303 1879 1488 1914 naturae
1524 1880 1569 1915 et

154 1939 347 1995 peccat.’'

215 2011 311 2062 648.
345 2010 416 2051 De
456 2009 539 2050 hac
577 2015 726 2050 tamen
767 2009 963 2051 secunda
1004 2010 1188 2060 ratione,
1225 2011 1307 2051 etsi
1346 2011 1567 2053 Scotistae

154 2094 256 2120 *eam
294 2080 589 2121 communiter
621 2079 815 2129 tradunt,
850 2079 1019 2128 merito,
1055 2085 1105 2119 ut
1145 2079 1331 2129 videtur,
1373 2080 1566 2121 dubitari

159 2154 307 2202 potest
329 2162 384 2189 an
407 2148 552 2201 reipsa
573 2147 757 2188 concedi
779 2146 940 2187 debeat
973 2147 1073 2187 ideo
1094 2147 1296 2188 illicitum
1319 2161 1415 2188 esse
1436 2162 1568 2202 agere

157 2217 216 2257 ob
239 2216 584 2258 delectationem
617 2216 661 2255 in
693 2214 949 2267 hujusmodi
973 2215 1157 2266 actibus,
1181 2217 1302 2269 quod
1329 2217 1567 2258 delectatio

160 2287 217 2326 ob
252 2287 469 2326 rationem
509 2285 692 2326 allatam
726 2285 777 2325 iis
811 2298 989 2325 annexa
1021 2291 1098 2325 est.
1166 2284 1363 2326 Omnino
1384 2287 1566 2339 quidem

161 2369 219 2395 ex
254 2355 383 2395 dictis
420 2359 595 2395 constat
632 2352 833 2393 illicitum
870 2365 966 2393 esse
998 2352 1080 2393 hos
1116 2360 1239 2395 actus
1271 2354 1479 2408 perficere
1510 2354 1569 2395 ob

159 2422 415 2463 sensibilem
439 2422 783 2463 delectationem
808 2427 856 2461 nt
872 2420 1010 2474 finem
1032 2418 1235 2473 positive¹
1256 2422 1459 2463 ultimum
1478 2438 1490 2462 .·
1523 2422 1567 2463 id

728 2569 737 2590 ¹
764 2569 841 2600 vid.
860 2573 968 2605 antea,
986 2579 1019 2600 n.
1038 2576 1113 2609 479.
