1716 2729
168 134 183 162 1
195 130 249 173 50
756 122 983 163 'mactatus
1395 118 1486 173 [GU
1495 128 1572 169 RY,

161 237 557 291 supernaturalem,
578 237 680 280 etc.1
711 239 788 281 Sic
806 239 939 292 igitur
958 237 1172 288 Coninck,
1187 237 1242 277 ad
1259 235 1570 288 objectionem,

157 306 289 359 quod,
316 306 352 347 si
383 306 559 347 bonitas
596 314 720 349 actus
760 307 931 347 intendi
972 306 1164 355 deberet,
1199 303 1346 345 rnstici
1383 304 1458 343 vix
1491 316 1571 343 un-

157 388 292 427 quam
315 374 511 415 facerent
543 382 667 416 actus
697 376 850 424 bonos,
874 374 978 427 quia
998 375 1076 414 vix
1108 389 1304 428 unquam
1337 374 1568 416 reflectunt

156 456 288 495 super
310 457 461 484 eorum
493 443 740 495 honestate,
774 443 1040 496 respondet:
1076 447 1229 498 “nego
1262 451 1571 498 assumptum;

156 513 260 564 quia
282 513 535 565 quicunque
552 513 723 554 sincera
764 512 1012 553 intentione
1035 520 1158 554 actus
1193 514 1365 567 aliquos
1394 511 1570 554 virtutis

157 587 381 630 exercent,
403 582 699 621 communiter
742 582 784 621 in
820 583 871 622 iis
903 589 1057 623 amant
1089 583 1232 637 ipsam
1255 583 1569 632 honestatem;

154 650 274 702 quod
317 650 386 690 vel
423 650 526 690 inde
565 657 691 702 patet
733 651 837 703 quia
879 652 1176 693 communiter
1217 653 1480 693 existimant
1521 664 1567 691 se

153 719 320 771 aliquid
344 732 474 771 agere
496 718 682 772 dignum
708 720 839 760 laude
862 734 912 760 ac
935 721 1146 774 praemio,
1168 727 1212 762 et
1233 722 1423 774 gratiam
1447 722 1565 774 apud

152 786 300 826 Deum
324 787 433 826 inire
463 819 471 826 .
535 820 543 828 .
576 801 656 827 nec
689 789 745 828 ad
783 788 867 828 hoc
900 802 1011 841 opus
1043 794 1109 829 est
1141 794 1189 829 ut
1223 792 1496 840 cognoscant
1519 782 1567 823 2⁴⁷2

150 869 335 908 quonam
357 855 561 896 consistat
580 855 776 897 formalis
810 858 922 897 ratio
944 858 1192 899 honestatis
1214 858 1405 899 eorum.''

207 935 308 974 400.
346 924 434 964 Hic
458 930 609 964 tamen
633 927 888 966 notandum
912 933 979 967 est
1001 927 1225 981 duplicem
1258 941 1387 982 posse
1409 926 1567 967 hones-

149 998 290 1033 tatem
334 993 452 1032 actui
495 993 665 1034 inesse:
725 994 913 1035 alteram
968 994 1030 1050 (a)
1078 1010 1192 1049 quae
1233 996 1465 1050 proveniat
1507 1009 1566 1036 ex

150 1060 386 1100 intrinseca
423 1066 547 1101 actus
586 1068 759 1112 natura,
798 1063 984 1104 alteram
1021 1064 1081 1118 (b)
1103 1078 1217 1117 quae
1240 1065 1471 1118 proveniat
1504 1079 1561 1105 ex

149 1130 493 1172 circumstantiis
517 1131 790 1172 extrinsecis,
855 1132 928 1173 Sic
961 1147 1043 1186 vg.
1076 1139 1251 1186 praeter
1281 1134 1561 1174 honestatem

145 1200 480 1253 temperantiae,
533 1213 647 1252 quae
703 1199 875 1252 jejunio
927 1201 1166 1242 intrinseca
1217 1209 1298 1253 est,
1351 1202 1562 1242 honestas

146 1269 450 1321 poenitentiae
501 1268 647 1308 eidem
697 1269 815 1308 actui
873 1270 1082 1310 convenit
1133 1284 1270 1323 quum
1322 1270 1420 1323 quis
1461 1270 1563 1310 idco

141 1335 316 1388 jejunat
339 1344 386 1378 ut
409 1336 654 1377 satisfaciat
676 1350 759 1389 pro
781 1337 986 1389 peccatis.
1046 1339 1256 1391 Jamvero
1278 1345 1326 1380 ut
1348 1344 1484 1392 patet,
1505 1339 1561 1379 de

145 1405 302 1458 priore,
320 1419 410 1446 non
434 1412 584 1446 autem
612 1404 669 1445 de
695 1405 848 1456 altera,
871 1420 928 1446 ex
950 1406 1018 1447 his
1039 1407 1286 1449 honestatis
1318 1407 1562 1462 speciebus,

146 1474 437 1527 intelligenda
460 1480 564 1515 sunt
588 1488 640 1515 ea
670 1488 784 1528 quae
809 1489 847 1516 n.
873 1486 966 1528 399.
990 1476 1197 1528 exposita
1219 1481 1336 1515 sunt.
1380 1474 1560 1515 Etenim

146 1542 219 1583 ille
244 1544 318 1595 qui
344 1549 491 1584 actum
518 1543 709 1584 intendit
732 1550 781 1584 ut
810 1557 921 1596 opus
943 1543 1130 1592 virtutis,
1153 1550 1200 1584 ut
1222 1543 1559 1584 convenientem

148 1617 294 1653 rectae
312 1612 484 1661 rationi,
510 1618 604 1661 etc.‚
629 1626 682 1652 eo
706 1613 802 1664 ipso
836 1613 1013 1661 directe,
1037 1614 1119 1652 etsi
1142 1612 1355 1664 implicite
1374 1617 1561 1659 tantum,

142 1680 335 1721 intendit
355 1680 638 1721 honestatem
666 1680 788 1720 illam
826 1680 1110 1721 intrinsecam
1130 1680 1187 1721 ob
1210 1694 1344 1734 quarn
1367 1686 1491 1720 actus
1512 1693 1563 1719 ex

140 1762 221 1788 seta
238 1755 400 1789 natura
422 1755 488 1789 est
511 1762 622 1801 opus
646 1749 834 1797 virtutis,
858 1749 1016 1789 rationi
1040 1755 1184 1790 rectae
1207 1750 1424 1798 convenit,
1447 1755 1527 1790 etc.
1548 1763 1565 1800 ;,

140 1830 228 1857 non
266 1824 414 1858 autem
454 1817 657 1868 intendit,
699 1832 754 1859 ne
790 1819 1005 1872 implicite
1041 1819 1234 1871 quidem,
1274 1818 1554 1858 honestatem

142 1885 338 1939 aliquam
360 1886 652 1936 extrinsecam,
676 1886 821 1939 qualis
846 1888 888 1926 in
921 1885 1131 1939 exemplo
1152 1885 1288 1926 allato
1310 1891 1377 1925 est
1399 1884 1556 1924 hones-

141 1962 210 1997 tas
249 1955 563 2009 poenitentiae,
598 1968 713 2007 quae
759 1955 892 2008 plane
915 1969 1002 1995 non
1027 1954 1282 1999 intenditur,
1307 1955 1388 1994 nisi
1420 1967 1556 2007 agens

141 2036 352 2076 expresse
369 2036 468 2062 eam
490 2018 625 2062 velit.3

192 2102 290 2143 401.
326 2091 517 2144 QUAER.
544 2094 599 2132 2⁰.
662 2090 740 2132 An
761 2097 881 2131 actus
915 2097 1111 2132 externus
1140 2098 1299 2145 augeat
1328 2092 1562 2133 bonitatem·

139 2159 211 2200 vel
226 2159 446 2200 malitiam
467 2167 587 2200 actus
609 2159 810 2200 interni?

193 2239 290 2279 402.
325 2228 588 2281 Antequam
667 2229 1001 2282 respondeatur,
1057 2230 1385 2282 praemittenda
1449 2235 1553 2271 sunt

140 2297 361 2349 quaedam
385 2303 433 2337 ut
454 2297 671 2350 genuinus
695 2297 962 2338 exhibeatur
983 2298 1255 2350 quaestionis
1277 2312 1443 2339 sensus.

184 2409 191 2430 ¹
208 2409 287 2440 Vid.
308 2420 377 2450 v.g.
413 2408 628 2450 Bouquillon‚
661 2409 772 2439 Inslz't.
811 2408 844 2438 T
839 2408 919 2438 heal.
953 2408 1077 2439 Moral.
1108 2409 1397 2448 Fundamentalis,
1424 2409 1498 2440 Lib.
1514 2418 1547 2448 4.

146 2460 347 2544 n··2ol9){›}4ct.
375 2498 561 2537 Supernat„
581 2494 678 2535 Disp.
701 2503 732 2535 3.
751 2495 830 2526 dub.
850 2494 894 2526 iv.
915 2505 948 2526 n.
969 2494 1020 2531 60,
1040 2496 1145 2535 (apud
1164 2496 1376 2536 Bouquillon,
1393 2495 1458 2528 loc.
1480 2495 1551 2536 jam

145 2538 285 2614 el{.{l'id.
302 2583 442 2624 Jaugey,
467 2582 573 2614 JJzeol.
593 2583 718 2613 llloral.
734 2582 959 2623 Ll'ngonmzsz's,
979 2582 1067 2613 Sect.
1089 2589 1120 2623 5.
1138 2593 1211 2624 cap.
1229 2582 1251 2613 i.
1270 2593 1303 2613 n.
1324 2582 1400 2623 389.
