1716 2729
157 87 213 129 26
739 87 968 128 Tractatus
1374 86 1552 142 [GURY,

213 205 280 257 78.
312 202 465 256 Atque
487 203 677 257 insuper,
702 208 750 243 ut
772 209 1105 256 argumentatur
1128 201 1367 252 Mastrius‚¹
1390 203 1425 243 si
1446 216 1550 244 vera

156 278 271 313 esset
307 285 360 312 ea
395 271 613 312 sententia
651 271 858 325 Lugonis,
891 271 984 324 jam
1021 277 1210 312 cessaret
1247 271 1448 325 quaestio
1493 271 1548 312 de

156 339 401 381 intentione
430 338 636 388 virtuali3
668 338 804 379 immo
840 338 949 380 haec
981 345 1096 380 esset
1125 339 1424 392 impossibilis,
1446 339 1550 392 quia

155 421 329 461 semper
358 406 533 447 adesset
563 406 711 459 aliqua
738 407 920 447 actualis
950 406 1149 457 intentio,
1172 407 1374 460 quamvis
1406 406 1550 447 tenuis

156 482 201 517 et
223 475 416 516 confusa.

214 554 281 597 79.
309 543 478 594 Quarta
493 542 683 596 denique
698 549 764 584 est
777 545 998 584 sententia
1013 544 1197 593 Mastrii,
1212 544 1551 597 qui‚agnoscens

158 612 337 666 quidem
361 611 518 664 requiri
541 617 794 664 praesentes
811 618 934 652 actus
950 611 1206 661 voluntatis,
1227 613 1333 652 dum
1357 612 1551 652 actiones

156 686 368 722 externae
396 678 682 733 perficiuntur
711 680 872 720 virtute
903 680 1086 721 actualis
1118 679 1353 720 voluntarii
1386 680 1553 732 prioris,

157 754 290 802 negat
311 753 462 788 tamen
481 748 640 800 requiri
657 761 817 788 novam
836 753 912 788 aut
931 748 1234 790 continuatam
1252 748 1551 801 cognitionem

156 817 417 865 intellectus,
450 817 561 857 adeo
598 817 777 869 quidem
815 823 863 858 ut
901 818 1080 857 minime
1118 817 1262 857 inferri
1306 817 1434 858 liceat
1471 816 1552 857 hos

156 892 280 927 actus
301 885 541 926 voluntatis
565 899 651 926 non
676 885 786 935 elici,
810 899 868 925 ex
890 899 942 926 eo
973 886 1090 938 quod
1115 898 1251 938 agens
1274 885 1328 925 ad
1352 899 1427 925 eos
1461 899 1547 925 non

155 955 370 996 advertat.
412 953 651 1006 Quomodo
666 960 813 995 autem
829 955 994 995 censeri
1011 954 1149 1008 possit
1167 953 1258 994 fieri
1281 960 1329 994 ut
1346 954 1553 996 voluntas

155 1024 217 1065 sic
257 1024 388 1065 toties
429 1029 533 1075 agat
583 1024 676 1064 sine
726 1024 896 1065 actibus
938 1023 1189 1064 intellectus
1241 1023 1449 1076 repetitis,
1490 1023 1552 1064 sic

157 1092 378 1142 Mastrius,
420 1092 660 1132 Doctorem
712 1106 840 1133 suum
894 1092 1078 1134 Scotum
1120 1097 1309 1141 secutus,
1351 1092 1550 1145 exponit.

154 1161 448 1202 “Dicendum
480 1165 546 1201 est
578 1159 853 1201 voluntatem
883 1161 1045 1201 habere
1076 1160 1278 1200 ordinate
1310 1172 1411 1199 suas
1443 1159 1551 1200 voli-

155 1231 297 1272 tiones
320 1229 363 1269 in
386 1228 537 1268 ordine
560 1228 614 1268 ad
634 1228 779 1277 finem,
801 1229 943 1281 primo
960 1228 1250 1269 intentionem
1274 1226 1385 1276 finis,
1399 1233 1553 1280 postea

156 1298 416 1339 electionem
440 1296 696 1344 mediorum,
719 1296 899 1336 tandem
923 1308 1050 1336 usum
1074 1301 1117 1334 et
1140 1294 1451 1334 executionem
1474 1308 1552 1347 per

157 1366 302 1407 media
324 1365 527 1404 ordinata
543 1364 722 1416 quando
737 1363 863 1416 plura
878 1369 982 1404 sunt
1000 1377 1009 1414 ;
1031 1363 1190 1416 quibus
1205 1364 1553 1416 correspondent

155 1441 279 1475 actus
319 1432 618 1485 potentiarum
660 1431 913 1471 inferiorum
953 1428 1055 1486 [v-g.
1099 1428 1402 1485 externarum]
1448 1444 1550 1471 cum

155 1502 312 1543 eodem
344 1499 523 1539 ordine:
555 1503 704 1552 potest
725 1512 829 1551 ergo
861 1498 1044 1539 distrahi
1075 1498 1280 1538 voluntas
1312 1498 1368 1538 ab
1390 1497 1551 1539 actuali

154 1569 364 1611 volitione
396 1566 507 1616 finis,
529 1567 605 1606 sed
638 1579 915 1619 perseverare
945 1566 1098 1607 volitio
1130 1573 1331 1620 respectu
1363 1567 1549 1607 aliorum

154 1641 225 1681 hic
246 1645 290 1679 et
312 1650 442 1686 nunc,
467 1649 566 1676 cum
599 1636 869 1689 praescripto
890 1636 1056 1685 ordine,
1082 1641 1125 1675 et
1155 1635 1217 1675 sic
1240 1635 1336 1675 finis
1360 1636 1549 1676 intentio

155 1709 316 1750 virtute
334 1705 614 1746 continuatur
644 1704 688 1743 in
709 1703 996 1744 volitionibus
1028 1703 1326 1744 subordinatis
1348 1703 1403 1743 ad
1437 1717 1547 1756 quas

155 1780 398 1830 sequuntur
429 1779 552 1813 actus
589 1772 791 1825 imperati
824 1771 1007 1812 aliarum
1039 1772 1336 1824 potentiarum
1397 1804 1405 1812 .

154 1844 388 1892 Voluntas,
418 1841 647 1894 supposita
682 1840 841 1880 notitia
874 1840 993 1893 prius
1029 1839 1192 1888 habita,
1228 1839 1388 1880 deinde
1423 1853 1548 1880 exse-

154 1909 302 1962 quitur
337 1906 511 1959 objecta
542 1908 744 1948 ordinate
778 1907 926 1956 volita,
984 1940 992 1948 .
1055 1937 1065 1946 .
1121 1907 1289 1960 absque
1319 1907 1404 1947 alia
1436 1921 1550 1949 nova

154 1977 223 2017 vel
262 1976 520 2016 continuata
556 1975 805 2017 intellectus
841 1973 1147 2028 cognitione.''²
1206 1976 1410 2017 Eandem
1449 1991 1548 2018 sen-

155 2044 344 2086 tentiam
365 2043 647 2096 amplectitur
669 2041 884 2097 Struggl.·⁹'

212 2115 277 2155 80.
310 2112 401 2154 Sed
432 2112 540 2152 haec
561 2112 668 2152 satis
690 2112 746 2152 de
777 2112 1035 2165 quaestione
1065 2111 1347 2164 speculativa.
1415 2112 1548 2166 Quod

155 2183 211 2223 ad
249 2194 379 2222 usum
411 2181 582 2230 attinet,
611 2181 760 2234 potius
797 2179 1058 2233 inquirenda
1089 2185 1155 2219 est
1186 2179 1348 2232 regula,
1369 2181 1404 2221 si
1436 2194 1549 2234 quae

153 2252 221 2301 sit,
243 2249 366 2302 cujus
389 2263 473 2302 ope
495 2249 694 2302 dignosci
716 2249 854 2302 possit
872 2247 1170 2300 quandonam,
1191 2254 1235 2287 et
1258 2249 1481 2300 quamdiu,
1505 2250 1547 2289 in

153 2319 337 2372 singulis
359 2319 434 2371 qui
456 2318 655 2357 oriuntur
680 2316 866 2363 casibus,
888 2315 1182 2355 voluntarium
1215 2317 1333 2368 prius
1355 2315 1548 2357 elicitum

212 2472 224 2491 ¹
240 2473 337 2512 Disp.
363 2471 470 2502 leeol.
490 2471 543 2502 De
561 2471 709 2502 Sacram.
728 2470 762 2500 in
778 2469 917 2506 Genere,
940 2468 1038 2510 Disp.
1061 2476 1089 2499 1.
1108 2473 1236 2510 quaest.
1256 2469 1313 2500 vii.
1332 2479 1366 2500 n.
1386 2467 1461 2500 280.

213 2516 226 2535 2
240 2516 409 2547 Mastrius.
427 2515 509 2545 ibid.

210 2559 224 2578 ³
242 2559 350 2590 ΤΙιεοΙ.
375 2558 542 2593 Utziversa,
562 2557 652 2587 Part.
672 2564 703 2586 2.
722 2560 818 2587 tract.
836 2566 869 2586 x.
885 2554 972 2596 disp.
985 2555 1020 2585 ii.
1039 2559 1167 2595 quaest.
1190 2563 1218 2586 1.
1237 2558 1298 2586 art.
1316 2554 1365 2585 iii.
1382 2563 1419 2585 n.
1442 2562 1456 2586 ι
