1716 2729
113 93 185 120 nn.
207 89 272 132 25,
297 78 385 136 26.]
563 79 615 120 de
634 78 814 120 Actibus
835 76 1071 118 Humanis.
1445 75 1517 116 161

169 207 266 248 433.
292 197 448 249 Neque
485 201 635 236 tamen
672 194 945 234 censendum
988 198 1055 232 est
1097 191 1231 232 alium
1276 192 1523 232 necessario

113 280 208 307 esse
241 273 389 308 actum
422 279 510 319 quo
533 270 808 318 proponatur
829 263 927 303 finis
950 263 1250 315 attingendus,
1272 262 1407 302 alium
1431 275 1521 315 quo

113 341 334 375 statuatur
356 334 551 374 medium
575 333 852 386 eligendum;
877 331 984 372 nihil
1018 331 1135 370 enim
1169 331 1317 370 obstat
1350 330 1521 383 quomi-

112 417 194 443 nus
216 403 324 443 haec
346 403 435 443 duo
457 401 702 442 efficiantur
722 414 800 453 per
822 413 958 441 unum
983 399 1263 451 eundemque
1279 398 1522 438 voluntatis

112 478 273 522 actum,
296 485 385 524 quo
407 476 629 510 statuatur
651 468 785 509 finem
810 468 1138 521 assequendum
1162 481 1257 507 esse
1279 480 1365 520 ope
1388 467 1521 507 medii

111 539 342 592 cujusdam
365 538 566 584 adhibiti,
590 551 679 587 seu,
702 537 823 591 quod
841 538 998 578 eodem
1024 536 1193 584 recidit,
1216 524 1520 576 adhibendum

111 622 206 649 esse
228 607 311 648 hoc
335 608 531 648 medium
553 607 610 647 ad
636 606 768 646 finem
791 606 915 646 illum
946 605 1288 658 assequendum.
1351 602 1522 644 Volun-

111 677 215 718 tatis
238 683 361 718 actus
383 683 603 730 quatenus
631 675 807 729 respicit
827 675 966 729 finem
999 674 1328 727 assequendum
1362 673 1524 714 dicitur

112 746 288 787 intentio
301 762 319 794 ,·
351 751 570 799 quatenus
593 745 769 798 respicit
794 745 984 785 medinm
1006 744 1326 793 adhibendum,
1359 742 1525 784 dicitur

110 813 278 855 electio}

167 896 268 936 434.
302 885 524 938 JamverO,
567 882 649 923 etsi
693 883 737 922 id
780 895 913 922 omne
964 882 1007 921 in
1050 881 1170 934 quod
1213 881 1419 921 voluntas
1461 879 1523 919 sic

111 953 344 1003 consentit,
367 958 434 992 est
469 965 621 992 verum
661 950 778 990 illius
816 949 1029 1002 objectmn,
1066 955 1217 989 tamen
1251 947 1395 988 solent
1427 947 1521 988 TT.

110 1035 272 1063 nomen
290 1020 437 1074 objecti
456 1033 587 1060 sensu
611 1019 809 1072 quodam
833 1017 1051 1059 strictiore
1084 1016 1154 1057 hic
1187 1015 1410 1065 adhibere,
1434 1016 1522 1056 dis-

108 1092 363 1145 tinguentes
387 1089 500 1129 inter
520 1087 726 1141 objectum
750 1092 793 1127 et
804 1086 957 1140 finem,
980 1085 1093 1126 adeo
1115 1091 1163 1125 ut
1180 1084 1359 1125 nornine
1380 1083 1526 1138 objecti

110 1161 347 1212 designent
383 1163 531 1198 actum
567 1163 788 1209 quatenus
824 1156 1002 1209 respicit
1036 1154 1223 1195 medinm
1272 1155 1522 1196 adhibitum

110 1230 167 1270 ad
201 1229 335 1268 finem
365 1227 706 1279 assequendum.

168 1306 266 1348 435.
301 1296 460 1348 Neque
491 1308 594 1335 vero
628 1293 828 1347 objectum
865 1292 1019 1333 dicunt
1056 1292 1100 1332 id
1139 1306 1272 1333 omne
1305 1293 1425 1346 quod
1463 1292 1524 1332 sic

111 1365 325 1414 efficitur;
348 1363 492 1405 adhuc
516 1363 634 1403 enim
669 1362 994 1414 distinguentes
1027 1361 1142 1401 inter
1164 1360 1457 1402 substantiam
1481 1367 1525 1401 et

109 1435 461 1479 circumstantias
497 1439 621 1474 actus
644 1433 707 1472 sic
729 1432 932 1485 spectati,
971 1432 1151 1471 nomine
1185 1431 1334 1484 objecti
1364 1430 1523 1471 intelli-

110 1513 223 1561 gunt
259 1505 403 1546 solum
439 1509 564 1546 actus
597 1502 902 1543 substantiam.
966 1501 1102 1541 Porro
1137 1502 1193 1541 ad
1230 1500 1522 1540 substantiam

110 1583 234 1618 actus
258 1575 482 1629 pertinent
504 1586 556 1613 ea
578 1572 729 1612 omnia
752 1585 865 1624 quae
897 1576 999 1611 sunt
1033 1571 1070 1610 ei
1095 1569 1364 1619 essentialia,
1391 1570 1453 1610 ita
1474 1575 1522 1608 ut

109 1646 144 1686 si
167 1645 235 1686 vel
258 1657 396 1685 unum
419 1656 478 1683 ex
500 1642 553 1681 iis
583 1641 709 1689 desit,
743 1646 864 1680 actus
896 1645 1129 1680 censeatur
1161 1652 1258 1679 esse
1290 1638 1490 1678 diversus
1503 1653 1522 1685 ,-

109 1710 460 1755 circumstantiae
478 1723 581 1750 vero
605 1715 706 1749 sunt
724 1722 776 1748 ea
798 1708 1009 1760 adjuncta
1031 1720 1146 1760 quae
1167 1708 1341 1747 etiamsi
1363 1708 1526 1755 absint,

110 1791 261 1826 tamen
303 1794 392 1822 non
434 1778 686 1820 censebitur
719 1782 844 1818 actus
884 1790 980 1816 esse
1023 1776 1231 1824 diversus,
1273 1775 1524 1816 censebitur

111 1866 215 1895 vero
238 1850 350 1892 idem
380 1854 501 1890 actus
531 1847 623 1887 fieri
655 1845 827 1886 diverso
850 1844 984 1886 modo.
1048 1845 1245 1898 Ideoque
1279 1845 1335 1885 ad
1365 1845 1521 1898 digno-

113 1920 324 1963 scendum
358 1931 464 1958 num
497 1916 664 1970 aliquid
698 1915 918 1968 pertineat
959 1915 1016 1955 ad
1058 1921 1183 1955 actus
1224 1915 1520 1955 substantiam

113 1989 266 2044 regula
288 1993 368 2036 est,
391 2000 444 2026 ea
477 1985 629 2026 omnia
666 1985 721 2025 ad
759 1983 1055 2024 substantiam
1094 1984 1313 2037 pertinere
1349 1997 1463 2037 quae
1485 1985 1521 2024 si

112 2059 258 2102 desint
295 2063 419 2097 actus
461 2055 631 2095 diverso
667 2053 834 2094 nomine
872 2053 1129 2107 appelletur.
1195 2053 1269 2094 Sic
1301 2067 1380 2107 vg.
1419 2053 1521 2093 sub-

112 2128 278 2171 stantia
309 2125 411 2166 furti
444 2124 645 2165 consistit
687 2124 729 2162 in
772 2136 825 2163 eo
866 2123 988 2176 quod
1030 2136 1098 2163 res
1135 2123 1280 2163 aliena
1314 2121 1520 2171 aufertur,

113 2196 296 2239 domino
319 2192 638 2235 rationabiliter
660 2192 798 2231 invito
817 2206 826 2242 ;
858 2205 1002 2244 neque
1024 2191 1141 2231 enim
1151 2192 1336 2243 fartum
1358 2191 1519 2231 dicitur

115 2267 233 2308 actio
267 2263 350 2303 nisi
373 2268 564 2316 quatuor
591 2261 700 2300 haec
736 2259 1075 2314 complectitur:
1109 2259 1175 2312 (a)
1207 2259 1383 2312 auferri
1416 2273 1521 2309 rem,

113 2335 175 2388 (b)
208 2345 300 2374 rem
331 2330 533 2379 alienam,
556 2328 610 2382 (c)
629 2342 726 2369 eam
745 2327 904 2369 auferri
925 2327 1097 2368 domino
1113 2327 1260 2378 invito,
1275 2333 1318 2368 et
1340 2328 1520 2381 quidem

117 2401 183 2455 (d)
215 2399 355 2441 invito
402 2396 750 2438 rationabiliter:
793 2396 903 2436 haec
943 2410 1047 2437 vero
1096 2396 1133 2436 si
1174 2396 1348 2445 adsunt,
1389 2396 1520 2446 actio,

629 2531 636 2547 ¹
663 2532 740 2562 Vid.
758 2542 868 2573 supra,
889 2542 922 2562 n.
946 2529 1017 2571 148.

1369 2585 1406 2615 M
